2692 4824
433 328 724 400 rnnrssro.
1015 334 1090 429 xlvij

64 459 176 528 behem.
193 457 235 523 In
243 450 312 521 tilis
324 451 418 520 otiam
429 451 516 517 suem
525 448 678 517 Groslotii
689 455 880 538 conjectum
890 450 937 517 ad
949 453 1095 521 Densum

61 591 90 632 a·
103 562 186 630 1581
201 559 321 642 missa,
336 578 414 649 quus
425 554 571 643 Sylloge
581 578 649 619 suoe
660 556 865 641 epistolarum
878 556 1008 623 inseruit
1016 558 1095 625 Bur·

59 648 203 750 manns,
218 679 242 728 t.
252 660 287 747 I,
299 686 334 751 p.
349 657 410 741 348
422 675 470 743 ‚et
482 657 604 725 Heinsii
616 659 853 725 observationes
865 662 911 725 od
921 662 1017 727 libros
1028 681 1096 730 tres

56 777 180 860 priores
193 766 398 845 Annalium,
410 786 488 856 quas
503 761 675 829 Dorvillins
688 814 696 846 ,
710 788 728 829 a
742 762 916 829 Burmanno
930 764 1095 853 Secundo,

60 877 94 942 V.
109 874 342 962 Cl.·acceptas,
355 869 622 957 Observationum
638 867 777 932 Miscell.
792 870 860 933 nol.
873 869 938 936 IX
953 870 1110 939 inseruit..

58 979 117 1047 Sed
135 1002 222 1045 nume
241 973 425 1042 Heinsianas
441 987 529 1038 notas
543 974 700 1038 universas
715 970 790 1036 huic
809 973 949 1039 secunda
967 975 1098 1042 editioni

59 1100 168 1151 nostrae
190 1078 389 1161 addidimus,
411 1092 551 1166 acceptas
572 1074 613 1141 ab
633 1076 739 1141 eodem
758 1075 952 1162 Romanae,
972 1102 1027 1167 per
1042 1079 1097 1145 Fr.

59 1186 321 1274 Oudendorpium
332 1186 395 1275 jam
407 1196 491 1265 tum,
502 1202 573 1247 eum
585 1180 681 1245 editio
692 1181 792 1268 prima
801 1179 909 1266 fiebat,
921 1180 975 1248 sed
986 1183 1097 1269 serius,

59 1316 148 1384 quam
163 1308 201 1358 ut
224 1307 293 1356 tum
309 1286 395 1355 addi·
400 1302 534 1377 possent.
555 1285 593 1349 ln
610 1283 647 1350 iis
662 1307 737 1350 usus
752 1301 798 1351 est
815 1307 878 1351 uno
891 1284 971 1351 libro
983 1287 1102 1377 scripto

60 1394 232 1483 Agricola,
248 1399 340 1485 cujus
359 1388 505 1458 lectiones
521 1385 612 1473 longe
622 1386 744 1477 plures,
759 1411 852 1478 quarn
869 1387 1029 1480 Ryclrins,
1049 1406 1101 1458 at·

60 1500 138 1569 tulit.
161 1497 341 1588 Saepissime
360 1492 567 1584 conjecturis,
591 1491 747 1557 interdum
767 1493 932 1573 audacius,
952 1514 1048 1585 quum
1068 1496 1102 1561 in

61 1606 155 1695 poetis
163 1603 303 1684 solebam
313 1599 472 1691 inquibus
482 1598 573 1664 metri
583 1595 707 1664 vincula
718 1599 913 1689 conjectandi
923 1596 1102 1667 lubidinem

11 1778 13 1797 ¹
61 1707 179 1775 [utilius
191 1706 354 1789 cohibent,
367 1726 461 1794 qnam
472 1703 506 1767 in
514 1700 660 1791 prosainis
671 1701 885 1790 scriptoribus.
896 1700 1002 1770 Facile
1011 1702 1104 1769 intel·

11 1804 13 1839 ⁵
62 1812 175 1898 ligitur,
191 1810 336 1877 ultimam
343 1829 451 1876 euram
459 1804 608 1888 defuisse,
624 1824 695 1895 qua
706 1802 827 1869 limaret
839 1804 952 1894 scripta
962 1854 972 1891 ,
984 1822 1015 1872 et
1025 1806 1105 1873 flue-

62 1918 230 1984 tuationem
240 1915 273 1980 in
284 1912 484 2004 conjectando
496 1909 633 1989 tolleret;
644 1930 714 1998 quae
726 1925 770 1974 est
782 1909 939 1974 interdum
951 1926 1055 1995 tanta,
1066 1928 1104 1977 ut

63 2021 147 2088 nobis
164 2019 295 2109 quidem
314 2017 407 2082 etiam
426 2012 553 2080 molesta
574 2012 679 2078 fuerit.
702 2010 847 2077 Ceterum
864 2010 1004 2078 multum
1022 2014 1104 2081 inest

64 2124 175 2211 ingenii
187 2139 282 2213 atque
293 2119 455 2186 doctrinae.
471 2117 501 2182 E
515 2113 704 2182 bibliotheca
717 2113 821 2198 ducali
832 2115 1010 2183 Vinariensi
1019 2140 1104 2184 aece-

66 2227 291 2317 pometiam,
306 2221 455 2289 beneficio
472 2217 687 2285 Bartholomaei
695 2270 704 2303 ,
719 2219 780 2283 viri
792 2218 976 2304 venerandi,
997 2220 1104 2312 quiin

66 2330 127 2396 aula
138 2325 334 2412 Vinariensi,
347 2324 413 2415 pari
427 2346 499 2390 oum
508 2322 655 2390 doctrina
668 2338 699 2390 et
712 2323 884 2389 sanctitatis
896 2321 989 2390 laude
999 2376 1008 2409 ‚
1018 2347 1104 2395 saera

65 2432 191 2501 faciebat
202 2485 211 2517 ,
222 2429 398 2520 'exemplum
408 2428 552 2497 editionis
563 2427 730 2512 Parisinae,
749 2424 910 2494 aMorello
924 2429 1008 2495 1612
1021 2430 1106 2495 duo-

66 2540 165 2624 denis,
182 2538 224 2603 ad
233 2535 377 2625 [ipsimi
389 2551 493 2601 textus
505 2530 669 2622 exemplar,
682 2531 771 2598 sactae
780 2582 788 2615 ‚
798 2533 884 2623 quod
894 2530 971 2598 olim
981 2531 1106 2600 Heinsii

43 2648 50 2667 ·
65 2645 139 2723 snit,
152 2640 332 2733 passimque
345 2654 487 2705 notatum
496 2653 561 2703 erat
572 2641 640 2726 ejus
650 2658 755 2701 manu.
769 2635 830 2701 Sed
847 2635 964 2702 ehartte
980 2638 1024 2702 ito
1038 2636 1103 2702 dif-

65 2747 207 2815 fuderant
224 2743 514 2833 transmiserantque
532 2756 754 2824 atramentum,
775 2755 811 2804 nt
828 2764 897 2807 raro
917 2740 1104 2831 scripturam

65 2850 184 2942 assequi
202 2847 322 2913 liceret.
343 2845 426 2931 Quae
443 2846 572 2937 quidem
588 2860 745 2912 assecutus
762 2866 864 2927 eram,
879 2844 945 2909 vidi
966 2868 1030 2912 esse
1048 2860 1104 2911 aut

66 2952 266 3037 scholia,aut
278 2954 474 3040 conjecturas
483 2948 522 3015 de
532 2947 664 3014 lectione
675 3000 683 3032 ,
694 2946 745 3015 vel
760 2963 830 3013 ante
847 2950 932 3038 opud
950 2946 1028 3014 alios
1040 2953 1104 3039 jam

9 3096 12 3103 -
66 3053 282 3145 repertas,vel
297 3054 467 3138 incognitas
478 3068 548 3119 ante
558 3050 726 3141 mihi5Eas
737 3067 842 3118 notare
852 3074 1104 3141 coepnm,cum

15 3156 20 3165 “
65 3182 130 3249 spes
146 3156 347 3224 adserebatur
366 3158 405 3223 de
423 3157 505 3223 notis
522 3156 701 3223 Heinsianis
719 3179 737 3222 e
755 3156 887 3224 Batavis.
910 3157 1018 3246 ltaque
1036 3172 1104 3223 tum

63 3261 150 3329 nolui
159 3262 285 3330 diutius
294 3258 394 3327 oeulis
405 3259 481 3326 meis
492 3259 555 3327 vim
568 3260 675 3326 faeere.

9 3418 23 3445 s.
94 3396 125 3448 lu
136 3397 217 3466 Lipeii
224 3396 294 3447 notio
303 3396 361 3448 loca
370 3407 505 3447 anctorum
515 3393 548 3447 ab
557 3414 588 3447 eo
597 3396 708 3447 excitata
717 3394 830 3448 studiose
838 3396 936 3449 contuli
945 3409 971 3449 et
978 3396 1112 3450 lectorum.

9 3544 11 3549 Ι
67 3480 208 3548 ingratiam
227 3476 373 3531 ademarius
390 3475 516 3540 indicavi,
535 3475 641 3528 subinde
652 3478 728 3528 etiam
738 3490 822 3528 errata
832 3477 949 3548 quiedam
960 3474 1101 3530 emendari.

9 3560 11 3571 '
67 3558 136 3611 Idem
145 3562 173 3612 in
183 3560 326 3613 Heiusianis
335 3561 460 3632 praestiti,
472 3576 536 3629 quat
546 3577 578 3637 ex
592 3557 683 3628 Ryekii
693 3557 953 3612 animadversionibus
967 3560 1105 3629 aliquoties

68 3642 132 3692 auxi.
142 3638 211 3693 Satis
220 3643 288 3692 enim
298 3658 364 3691 nnnc
374 3653 487 3700 constat,
495 3638 564 3711 apud
572 3638 640 3691 huno
649 3639 697 3691 sub
707 3640 781 3691 amini
790 3642 891 3693 nomine
901 3639 960 3693 Nic.
971 3640 1104 3693 Heinsium

70 3720 157 3782 latere,
170 3721 241 3793 quod
251 3734 277 3774 et
288 3721 408 3773 Ernestio
414 3718 450 3791 ad
460 3720 491 3787 4,
504 3720 548 3781 58,
560 3732 586 3771 et
596 3716 763 3791 Wopkensio
775 3718 807 3771 ad
819 3739 829 3770 r
841 3760 848 3784 ‚
868 3739 896 3773 ιι
917 3721 1008 3772 visum.
1027 3719 1104 3774 Unde

8 3794 19 3909 i
72 3804 410 3953 prqterztfleiutioquoquo
418 3798 668 3854 vindicandanotata
679 3799 752 3853 ndu.
763 3817 792 3864 a,
802 3800 847 3869 74,
858 3800 882 3869 q.
893 3801 922 3863 3,
933 3816 976 3872 29,
985 3802 1010 3854 3,
1020 3813 1045 3853 η
1053 3801 1097 3869 345

8 3932 12 3963 ,
72 3897 96 3934 π.
125 3903 181 3947 ‚r.
