2692 4824
517 292 840 414 PRAEFATIOs
980 378 983 386 ·
1118 374 1179 418 xxv

158 464 263 534 ttbihet
277 465 481 555 nequidem,
501 483 539 532 ut
551 467 729 535 Gronovius
743 473 915 559 conjecerat
932 492 940 531 τ
956 491 1027 536 cum
1040 474 1181 558 primum
1234 535 1241 548 ,

154 594 237 660 prope
250 595 378 660 semper,
395 571 451 635 ubi
468 569 519 636 alii
533 569 607 637 libri
624 597 704 637 nuirc
724 572 774 637 vel
796 591 869 639 tunc
882 576 1022 660 primum
1036 601 1048 636 .·
1062 592 1121 641 out
1132 573 1183 642 rel

153 691 179 738 et
188 699 242 763 pro
256 680 312 756 aa,
328 678 478 766 sequente
490 674 589 742 vocali
605 702 611 738 ε
627 701 708 765 saepe
727 677 897 744 accuratior
914 693 959 743 est
981 678 1050 745 aliis
1065 682 1099 744 in
1118 681 1183 746 dis·

99 854 101 881 1
150 779 319 862 tinguendis
333 780 437 846 verbis
457 781 597 869 degredi
613 797 643 846 et
657 783 809 870 digredi,
825 781 1060 874 similibusque,
1077 788 1180 849 consi·

148 884 236 962 111111,
253 887 438 964 concilium,
453 885 636 965 dissidium,
656 887 824 952 discidium
844 910 906 952 :ex
919 887 1037 977 quibus
1051 885 1183 979 aliisque

146 987 300 1052 similibus
317 1005 422 1077 patet,
444 1011 461 1052 e
479 987 561 1053 bono
574 989 681 1054 codice
695 980 826 1059 ductum
845 1013 909 1055 esse
923 1005 1054 1054 textum.
1076 989 1185 1080 Atque

143 1105 177 1152 ut
191 1112 255 1154 non
267 1114 395 1176 negem,
409 1092 552 1179 quaedam
571 1112 634 1156 esse
648 1109 769 1180 peccata
783 1115 962 1181 operarum,
985 1107 1022 1157 ut
1043 1097 1185 1183 queritur

143 1192 251 1259 Frane.
274 1195 484 1279 Puteolanus,
508 1211 609 1261 tamen
633 1194 785 1285 permulta
812 1198 903 1262 oredo
928 1219 965 1262 ex
987 1200 1056 1284 ipso
1080 1197 1187 1264 codice

143 1301 258 1386 scripto
274 1321 351 1364 esse.
364 1297 445 1363 Nam
455 1322 486 1363 v.
498 1323 527 1382 g.
540 1297 611 1382 XI,
628 1323 680 1387 17,
695 1303 833 1382 omissis,
852 1301 926 1380 sed,
941 1323 998 1389 pro
1011 1303 1167 1366 omisisset
1172 1327 1187 1380 ,·

143 1400 281 1484 neglecta
292 1401 465 1490 duplicatio
478 1400 576 1468 literae
589 1406 623 1468 in
634 1409 756 1491 pelex,
772 1421 803 1470 et
817 1404 916 1470 multa
925 1404 975 1470 his
987 1408 1126 1490 gemina,
1141 1407 1186 1471 si-

144 1503 265 1601 miliora
286 1504 405 1572 librarii
422 1523 549 1595 peccato
559 1509 707 1575 videntur
719 1532 813 1601 quam
826 1510 971 1589 editoris3
988 1510 1074 1599 quod
1088 1508 1186 1576 libra-

144 1612 204 1672 rios
217 1613 336 1674 centies
355 1613 399 1674 sic
421 1616 594 1698 peccavisse
615 1613 812 1680 observatum
829 1629 886 1679 est.
908 1612 985 1678 Mox
1002 1617 1110 1677 alacre
1129 1637 1188 1702 pro
1241 1642 1244 1649 “

146 1698 257 1778 alacre
263 1764 275 1794 ,
289 1716 376 1780 silius
384 1737 443 1802 pro
444 1717 549 1802 filius,
563 1715 653 1796 facile
662 1733 810 1807 typorum
818 1733 942 1806 peccata
951 1739 1093 1800 agnosco.
1104 1715 1188 1802 Quae

147 1833 295 1906 praeterea
309 1819 348 1883 de
360 1817 419 1884 hoc
434 1816 515 1884 libro
529 1821 660 1888 dicenda
677 1821 793 1906 habeo,
817 1844 888 1885 mox
906 1823 970 1885 suis
993 1819 1070 1911 loeis
1088 1819 1189 1908 profe-

148 1937 266 1986 rentur.
282 1921 390 2011 Hujus
406 1919 479 1986 libri
493 1925 580 2012 copia
597 1923 675 1989 mihi
693 1923 768 1988 olim
785 1924 864 1990 facta
877 1939 950 1988 esta
963 1922 994 1986 J.
1008 1923 1049 1987 E.
1062 1923 1189 2010 Kappio

150 2024 187 2089 V.
204 2023 241 2089 C.
259 2048 344 2091 nunc
363 2048 420 2109 ego
433 2050 471 2092 ex
486 2029 586 2115 ipsius
604 2026 793 2094 bibliotheca
811 2042 951 2116 emptum
964 2024 1075 2092 habeo.
1089 2025 1188 2115 Ejus-

151 2128 217 2192 dem
228 2127 406 2216 exemplum
418 2132 505 2194 estin
517 2129 706 2198 bibliotheca
718 2129 821 2197 ducali
832 2127 1086 2218 Guelferbytana.

179 2229 219 2280 De
227 2231 332 2281 raritate
338 2229 398 2282 libri
409 2232 452 2282 vel
460 2229 520 2283 hinc
528 2232 643 2301 judicare
653 2234 731 2295 lieet,
742 2232 812 2304 qnod
821 2234 848 2284 iu
856 2230 1023 2284 distrahenda
1032 2230 1190 2284 bibliotheca

152 2307 220 2362 ducis
229 2311 263 2361 de
272 2312 301 2361 la
313 2313 342 2360 V
339 2312 430 2363 altien
440 2314 523 2382 pretio
534 2315 581 2381 740
591 2315 715 2369 librarum
725 2316 874 2385 gallicarum
883 2328 922 2366 est
931 2312 1058 2366 venditus.

191 2392 267 2461 Post
284 2392 364 2459 hanc
378 2399 551 2484 principem
565 2398 733 2462 editionem
744 2396 923 2464 Maittarius
939 2411 965 2461 t.
983 2396 1021 2481 V,
1040 2410 1119 2484 part.
1137 2394 1189 2480 ΙΙ,

99 2538 101 2543 -
155 2521 184 2584 p.
195 2498 279 2581 295,
294 2515 509 2566 commemorat
518 2499 667 2568 editiones
677 2500 757 2566 Ven.
771 2498 871 2585 1484,
881 2516 913 2567 et
924 2500 1012 2564 Rom.
1027 2497 1126 2581 1495,
1137 2499 1191 2563 sed

155 2604 214 2667 siue
227 2618 354 2668 auctore
364 2626 398 2668 ac
410 2619 487 2669 teste
500 2631 506 2666 :
520 2602 604 2670 unde
616 2609 686 2695 ejus
698 2607 859 2672 traditioni
871 2626 982 2693 parum
992 2601 1110 2668 tribuo.
1120 2602 1191 2688 Ego

155 2706 279 2795 quidem
290 2710 433 2795 nuspiam
443 2709 509 2772 vidi
520 2732 626 2774 earum
639 2710 812 2775 editionum
822 2712 1012 2774 mentionem
1026 2727 1091 2772 eam
1104 2707 1190 2790 fieri,

156 2814 201 2874 eui
215 2812 292 2877 fides
306 2794 414 2877 haberi
428 2829 541 2900 posset.
553 2813 683 2903 Lipsius
696 2837 788 2901 porro
802 2816 835 2876 in
852 2811 1035 2901 praelatione
1047 2810 1192 2874 editionis

157 2913 258 2998 primae
267 2938 298 2980 a.
311 2912 407 3002 1574,
417 2914 470 2998 ait,
483 2939 514 2980 se
524 2939 615 2985 usum
625 2916 769 2981 editionis
779 2913 904 2980 Venetae
918 2939 945 2978 a.
956 2936 1192 2978 croccccrcuu

157 3013 240 3082 sactae
253 3015 407 3105 exemplo.
422 3016 460 3083 111
473 3042 536 3110 quo
551 3023 576 3083 si
588 3016 669 3084 1111111
679 3018 750 3083 vitii
758 3016 853 3082 babet
868 3039 1014 3081 numerus
1029 3021 1120 3098 anni,
1136 3040 1192 3082 nee

160 3145 407 3207 croccccxcnu,
429 3139 474 3188 est
487 3145 543 3212 pro
559 3146 789 3187 croccocxcvu
806 3144 872 3187 eam
890 3121 1057 3185 editionem
1075 3118 1194 3184 nemini

158 3241 264 3310 praeter
275 3218 366 3289 illum
380 3231 477 3292 visam
486 3242 625 3315 oportet,
635 3231 691 3317 qui
701 3225 802 3292 Taciti
816 3226 966 3290 editiones
980 3246 1194 3290 commemora·

158 3350 229 3396 vere.
252 3330 365 3420 Itaque
382 3329 488 3397 licebit
503 3330 582 3396 mihi
600 3332 638 3396 de
657 3330 708 3396 his
725 3328 916 3397 editionibus
933 3327 1095 3410 dubitare,
1116 3328 1193 3394 dum

160 3432 271 3499 idoneis
285 3432 365 3499 mihi
380 3433 572 3500 documentis
582 3434 812 3522 persuadeatur,
825 3436 892 3498 istis
902 3431 977 3498 locis
989 3434 1092 3521 iisque
1105 3435 1194 3498 annis

161 3534 255 3601 Taciti
269 3536 369 3602 libros
382 3538 481 3602 editos
494 3561 570 3615 esse.

187 3638 225 3689 De
234 3639 337 3691 adserto
347 3640 426 3708 Lipsii
436 3641 481 3692 vix
491 3639 610 3693 dubitare
620 3641 657 3692 sas
668 3659 720 3692 esse
730 3652 804 3710 putat
814 3639 939 3707 Externa,
952 3638 1027 3691 facile
1036 3639 1091 3691 fieri
1104 3657 1192 3710 posse,

163 3731 187 3768 ut
195 3719 273 3771 editio
282 3722 361 3773 citata
371 3721 465 3773 alicubi
475 3720 620 3796 delitescat,
633 3721 676 3774 sed
683 3741 754 3794 aeque
763 3723 838 3774 facile
848 3723 873 3773 in
883 3723 995 3773 numeris
1003 3719 1072 3790 apud
1079 3722 1194 3791 Lipsium

164 3815 225 3850 error
233 3802 363 3853 committi
372 3803 467 3869 potuit.

201 3881 283 3948 Mihi
300 3899 371 3973 post
389 3884 461 3948 Joh.
482 3883 636 3973 Spirensis
652 3885 820 3950 editionem
831 3888 930 3973 prima
943 3887 1006 3949 visa
1020 3898 1103 3967 erat,
1122 3904 1194 3947 cum

169 3988 292 4072 primum
306 3989 480 4055 editionum
491 3994 668 4056 varietatem
679 3989 886 4073 recensebam,
897 3989 1063 4058 Francisci
1072 3988 1194 4054 Puteo-
