2692 4824
265 338 336 422 xxvj
664 334 906 404 ERNESTI

265 459 336 524 luni
348 455 388 525 V
383 471 464 521 enct.
481 453 576 544 1497,1
590 437 687 520 forma
702 459 831 545 majori,
846 471 950 523 curata
965 479 1019 545 per
1032 457 1174 546 Pltilipp.
1195 461 1303 546 Pindi,

263 561 442 652 sumptibus
456 561 623 628 Benedicti
633 561 802 626 Fontunoe.

294 680 398 732 Titulus
406 679 449 732 liic
458 668 497 732 est
508 699 514 730 :
526 679 635 732 Cornelii
645 679 728 730 Tucr'ti
737 679 859 731 Historioe
868 680 1000 749 Augttstoe.
1012 682 1042 734 ln
1052 682 1102 736 fine
1112 701 1120 733 τ
1130 667 1240 737 &mclii
1251 691 1302 740 Ta.

261 763 305 815 citi
313 765 433 814 Histoi-ire
442 765 566 833 Angustae
575 784 582 814 :
592 781 639 815 nec
654 781 705 814 non
720 762 753 814 dc
766 765 828 828 situ,
840 765 949 816 moribus
962 778 987 817 et
998 766 1100 834 populis
1109 769 1256 823 Germania
1266 773 1301 822 li-

261 845 339 896 bellus
354 865 386 917 aq
403 845 434 896 de
448 846 587 896 oratoribus
597 845 712 914 dialogus
711 843 841 914 foeliciter
851 847 997 916 expliciunt.
1011 849 1037 898 V
1036 849 1122 898 enetiis
1123 848 1243 917 fideliter
1250 853 1300 902 im-

257 929 328 993 presi
336 946 367 979 uc
377 927 513 998 diligenter
520 926 646 978 emendati
656 945 706 994 per
713 927 863 996 Philippum
871 929 942 994 pinei
950 930 1085 997 sumptibus
1093 930 1184 982 nobilis
1192 933 1248 982 viri
1256 924 1312 983 dni

259 1009 393 1062 Benedicti
396 1011 522 1090 flentum.
533 1010 614 1062 Anno
624 1001 672 1062 dni
679 1009 892 1081 Mccccxevij.
907 1009 949 1061 die
963 1011 1022 1084 :cxij
1036 1011 1135 1082 murcij.
1152 1014 1300 1079 Impsruute

258 1092 441 1157 sapientissimo
460 1092 511 1143 dno
526 1094 669 1162 Augustino
685 1092 832 1146 Bardudico
841 1091 1032 1162 prudentissimi
1040 1111 1072 1145 ac
1083 1095 1252 1146 Invictissimi
1261 1113 1299 1146 se-

257 1185 331 1222 natus
342 1175 371 1223 V
369 1175 505 1225 enetiarum
515 1174 577 1227 duce
587 1174 753 1228 serenissimo.

290 1255 400 1308 Accedit
409 1256 435 1308 in
446 1258 579 1328 exemplo,
591 1277 644 1329 quo
656 1271 724 1322 utor,
736 1256 802 1309 Iulii
808 1254 942 1326 Agricoloe
952 1254 1006 1308 vita
1013 1273 1062 1324 per·
1070 1255 1212 1307 Comrelium
1223 1254 1297 1308 Tuci-

256 1348 307 1386 tum
314 1338 369 1408 ejus
378 1355 495 1407 generum
506 1341 644 1391 castissime
656 1338 802 1406 compositu.
814 1339 906 1389 Forma
916 1335 1003 1388 eadem
1013 1377 1020 1400 ‚
1031 1355 1082 1406 qua
1092 1354 1178 1407 supra.
1189 1336 1220 1389 ln
1229 1336 1279 1389 tine
1290 1357 1297 1389 t

260 1419 289 1468 V
286 1420 371 1470 enetiis
379 1439 428 1486 per
436 1422 586 1488 Philippum
593 1420 666 1488 pinei
674 1443 681 1472 ,·
691 1421 826 1488 sumptibus
836 1410 881 1472 dni
891 1418 1149 1487 Benedictiflmlana.
1160 1419 1244 1473 Anno
1252 1409 1299 1472 ἷιι

257 1501 691 1574 Mccccxcvijdierxijmartii.
715 1547 721 1555 .

299 1600 383 1666 Huic
398 1602 527 1667 editioni
540 1603 682 1692 praelatio
692 1601 859 1691 preposita
872 1616 917 1666 est
929 1598 1084 1666 Francisci
1093 1599 1132 1664 ad
1145 1597 1296 1665 iacobum

255 1702 493 1795 Antiquarum,
515 1707 712 1772 secretarium
733 1704 875 1771 ducalem
891 1730 898 1767 :
914 1705 947 1769 in
960 1727 1024 1794 que
1040 1702 1166 1769 sedicit
1187 1701 1296 1768 multis

253 1807 369 1893 vigiliis
394 1810 663 1901 intentissimeque
685 1809 791 1875 studio
817 1810 1030 1894 recognovisse
1051 1806 1153 1874 Taciti
1182 1805 1312 1891 libros,¹

253 1913 419 2000 adjuvante
440 1915 646 2003 Benrprdino
662 1914 837 1993 lanterio,
858 1912 997 1979 omnium
1013 1910 1297 1978 Mediolanensium

252 2018 483 2100 eruditissim03
511 2020 634 2110 dequo
660 2020 732 2085 vide
757 2017 904 2102 Sunium,
931 2017 1000 2082 loco
1021 2039 1093 2081 mox
1117 2014 1294 2099 laudando,

153 2180 156 2185 .
186 2170 190 2178 .
250 2145 282 2209 p.
298 2121 372 2203 240.
389 2121 506 2206 Addit,
523 2138 647 2188 venetos
663 2123 858 2211 impressores
879 2120 979 2205 (vitio
994 2142 1158 2209 operarum
1171 2133 1218 2184 est
1231 2143 1293 2183 ve-

250 2229 315 2288 teri
320 2277 327 2308 ‚
346 2227 379 2290 in
393 2224 534 2314 exemplo
548 2242 657 2291 veneto
672 2241 703 2289 et
716 2226 763 2290 ed.
780 2223 921 2289 Beroaldi
937 2248 944 2287 ε
958 2248 1015 2312 pro
1031 2247 1093 2316 quo
1112 2223 1236 2290 Veneti
1246 2221 1294 2288 le-

249 2327 335 2411 gitur
351 2329 535 2396 ineditione
549 2329 670 2411 Taciti,
686 2351 756 2419 quae
772 2326 853 2412 loci,
867 2326 958 2411 anni,
974 2343 1004 2392 et
1018 2326 1207 2417 typographi
1220 2343 1298 2393 notu

249 2448 331 2496 caret
347 2457 353 2493 :
368 2434 407 2498 de
421 2456 482 2524 qua
497 2437 591 2515 mox)
608 2434 683 2498 adeo
698 2430 899 2497 inculcavisse
913 2447 944 2496 et
959 2431 1119 2498 foedavisse
1131 2430 1194 2497 hoc
1206 2431 1292 2497 divi-

247 2558 323 2601 num
332 2560 428 2625 opus,
441 2553 548 2602 utnon
561 2539 653 2603 modo
665 2535 847 2604 cornelianae
860 2536 1013 2601 facundia
1027 2539 1171 2624 majestas
1183 2536 1294 2627 inqui·

246 2656 382 2725 iteretur,
396 2643 449 2707 sed
460 2644 511 2706 vix
522 2665 627 2707 sensus
640 2640 723 2707 ullus
736 2640 903 2731 conjectari
916 2655 1029 2730 posset.
1044 2639 1150 2728 Hujus
1164 2659 1295 2730 quoque

247 2743 392 2836 editionis
408 2746 513 2811 charta
530 2761 560 2811 et
581 2748 650 2836 typi
670 2746 743 2814 satis
757 2744 908 2830 elegantes
923 2760 1013 2828 sunt,
1031 2745 1085 2809 sed
1100 2743 1293 2832 superiorem

233 2845 330 2939 ¹illam
341 2849 360 2912 J
362 2849 413 2915 oh.
428 2850 581 2940 Spirensis
595 2875 657 2917 non
670 2850 861 2942 adsequitur.
874 2847 935 2915 Sed
947 2863 1016 2938 post
1026 2863 1134 2913 nactus
1144 2870 1213 2912 sum
1223 2871 1292 2912 ma-

177 3008 180 3016 ,
245 2967 324 3018 trem
342 2954 440 3045 hujus
461 2955 550 3046 quasi
569 2953 661 3039 filiae,
682 2952 857 3043 exemplum
872 2953 1057 3018 Mediolani
1067 2951 1204 3041 iactum,
1223 2951 1297 3018 sine

244 3053 305 3122 loci
320 3074 351 3123 et
364 3059 435 3123 anui
451 3074 544 3139 nota3
560 3073 591 3122 et
605 3073 732 3123 matrem
741 3056 805 3121 filia
814 3054 913 3120 multo
925 3053 1135 3145 pulchriorem
1147 3070 1177 3118 et
1191 3055 1291 3120 casti-

243 3161 402 3243 gatiorem.
423 3162 550 3248 Quibus
573 3160 662 3236 libris
685 3185 759 3227 usus
781 3161 822 3227 sit
844 3159 1029 3226 Francisous
1048 3182 1120 3225 cum
1138 3158 1308 3229 lanterio„

244 3262 280 3353 in
290 3267 471 3352 corrigendo
488 3283 596 3350 textu,
611 3290 673 3332 non
689 3265 830 3356 prodidit
846 3291 852 3327 :
868 3265 953 3330 unde
968 3265 1001 3330 in
1013 3263 1222 3353 suspicionem
1233 3287 1289 3331 ve-

243 3367 290 3432 nit
305 3370 334 3435 J.
350 3369 528 3456 Gronovio‚
543 3371 622 3437 forte
636 3387 665 3436 et
679 3369 764 3455 aliis,
777 3371 866 3462 quasi
879 3395 917 3436 ex
931 3370 1055 3455 ingenio
1070 3366 1170 3434 multa
1182 3385 1289 3434 muta-

169 3468 171 3472 ’
243 3473 340 3557 verit,
362 3475 455 3539 etiam
475 3473 621 3541 licentius
643 3498 738 3566 quam
756 3474 892 3543 deberet.
922 3473 996 3560 Qua
1016 3473 1192 3562 suspicione
1213 3496 1288 3540 eum

242 3599 352 3662 magna
361 3595 448 3668 parte
459 3579 593 3664 absolvi,
609 3596 774 3670 postquam
785 3578 903 3645 librum
916 3576 1198 3666 Guelferbytanum
1208 3601 1287 3646 con-

242 3679 312 3747 tuli.
330 3681 457 3748 Etenim
479 3685 512 3751 iu
532 3706 567 3748 eo
591 3682 754 3749 maximam
774 3699 892 3771 partem
913 3679 1083 3747 lectionum
1104 3680 1228 3764 inveni,
1253 3682 1287 3748 in

242 3785 357 3877 quibus
371 3787 494 3872 ingenio
509 3785 674 3853 indulsisse
687 3788 834 3853 creditur.
858 3787 969 3878 ltaque
983 3786 1070 3875 haud
1084 3785 1181 3851 dubie
1194 3777 1286 3853 libris

242 3888 365 3981 scriptis
387 3910 463 3957 usus
484 3907 549 3976 est,
573 3907 610 3958 ut
631 3893 697 3981 ipse
717 3894 889 3982 profitetur,
911 3891 968 3956 etsi
982 3914 1045 3956 non
1058 3911 1288 3982 usquequaque

241 3992 340 4062 bonis.
362 3993 516 4085 Spirensis
536 3993 711 4086 exemplum
724 3996 752 4070 ei
766 4018 823 4091 pro
840 3994 906 4061 basi
920 3994 1017 4061 fnisse
1032 3994 1169 4062 videtin..
1185 3993 1288 4064 Cere*
