2692 4824
521 332 811 404 PRAEFATIO.
1107 340 1184 410 xxix

138 500 139 507 .
155 469 272 536 nusae,
290 450 380 543 quod
394 453 489 518 etiam
504 452 572 519 aliis
586 453 663 520 olim
677 460 753 522 viris
767 457 884 539 doctis,
905 471 936 522 et
955 456 1128 526 Petrarchae
1148 465 1182 525 in

152 554 351 623 describendis
364 553 525 622 Ciceronis
539 558 696 645 epistolis,
710 560 835 627 accidit.
858 560 920 627 Sed
938 557 1018 627 illud
1036 564 1184 630 monendi

149 676 215 726 sunt
223 660 358 726 studiosi
372 658 486 724 harum
499 658 676 746 literarum,
690 683 729 729 ne
743 664 876 729 eundem
888 688 962 730 cum
975 665 1007 729 J.
1023 664 1184 732 Gronovio

147 761 273 855 aliisque
289 786 426 829 emonem
439 779 558 848 errent,
575 785 631 829 nec
650 782 786 854 putent,
797 766 982 834 Beroaldnm
1001 774 1093 834 etiam
1112 768 1184 836 reli·
1271 753 1275 759 ¹

146 891 219 959 quos
232 867 338 933 Taciti
350 867 449 933 libros
464 866 636 934 Annalium
653 884 684 935 et
700 869 908 936 Historiarum
925 895 942 937 e
962 872 1034 938 MS.
1055 872 1184 940 Floren-

144 976 227 1057 tino,
246 971 486 1057 Langobardico
508 970 583 1057 illo,
604 974 738 1040 edidisse
758 1000 766 1038 ε
786 976 872 1066 quod
887 975 1085 1042 salsissimum
1099 1000 1183 1061 esse,

144 1099 191 1141 me
201 1099 249 1142 res
262 1076 385 1142 docuit.
401 1075 473 1164 Ipsa
483 1076 722 1165 prefatiuncula
731 1092 762 1144 et
773 1079 943 1145 admonitio
952 1079 991 1145 de
1002 1082 1121 1146 mendis
1134 1097 1185 1171 ty-

143 1179 362 1269 pographicis,
377 1176 458 1244 libro
471 1183 583 1269 quinto
597 1179 756 1270 subjecta,
777 1182 886 1247 docere
900 1197 1039 1271 poterat,
1062 1184 1184 1250 Beroal-

143 1285 219 1349 dum
233 1287 376 1375 quinque
387 1281 457 1349 illos
474 1280 571 1348 libros
584 1298 706 1349 tantum
720 1283 820 1352 eMS.
841 1285 1020 1353 Corbeiensi
1040 1288 1183 1357 edidisse.

145 1389 223 1455 Nam
242 1388 322 1455 alter
339 1387 393 1454 ille
407 1389 523 1471 codex,
538 1391 691 1454 incertum
709 1405 773 1474 est,
794 1412 834 1455 an
851 1407 921 1455 tum
937 1395 1000 1480 jam
1020 1389 1185 1458 Florentiae

144 1495 251 1560 luerit.
269 1493 304 1560 Si
316 1494 379 1559 fuit
390 1545 398 1577 ,
411 1493 490 1585 quid
504 1493 538 1558 id
549 1492 590 1558 ad
602 1492 805 1578 Beroaldum,
819 1499 876 1585 qui
887 1495 996 1560 Romae
1009 1497 1094 1561 erat?
1104 1497 1185 1581 Age-

145 1598 237 1665 batur
249 1597 312 1664 hoc
322 1614 460 1679 tantum,
473 1611 510 1661 ut
524 1593 596 1661 libri
609 1598 749 1662 nondum
760 1599 838 1663 editi
853 1596 1065 1683 vulgarentur.
1076 1599 1186 1690 Itaque

146 1718 176 1768 et
189 1700 332 1792 exempla
347 1699 527 1768 Beroaldina
535 1704 744 1789 reperiuntur,
757 1701 913 1791 inquibus
923 1717 1045 1767 tantum
1054 1700 1128 1768 libri
1139 1703 1187 1769 illi
1300 1722 1304 1731 ·

149 1811 268 1895 primic
279 1804 576 1873 codiceCorbeiensi
589 1810 707 1870 insunt.
723 1805 826 1870 Ceteri
837 1809 936 1890 igitm·
947 1806 1046 1870 additi
1061 1822 1134 1871 sunt
1148 1829 1186 1874 ex

149 1911 285 1977 editione
296 1911 353 1975 Fr.
367 1907 540 1975 Puteolani.
554 1908 654 1997 Cujus
669 1913 714 1976 rei
726 1911 879 1977 indicium
889 1907 938 1974 vel
950 1909 1010 1975 hoc
1022 1925 1085 1992 est,
1100 1911 1187 2001 quod

149 2011 226 2080 libro
241 2012 296 2078 XI
310 2016 474 2104 praeposita
487 2028 533 2079 est
544 2011 706 2082 Puteolani
722 2012 876 2106 praefatio.
892 2012 1073 2080 Plenissime
1082 2025 1188 2086 autem

151 2116 206 2183 hoc
216 2141 268 2183 me
280 2118 392 2183 docuit
405 2134 509 2184 textus
523 2118 656 2187 Romani
665 2124 766 2209 ipsius
776 2143 850 2186 cum
860 2119 979 2186 Veneto
988 2123 1186 2208 comparatio.

154 2221 278 2288 Etenim
298 2223 383 2306 vidi,
407 2220 482 2287 locis
501 2223 616 2310 oppido
636 2226 743 2311 paucis
758 2222 849 2288 illum
863 2222 903 2288 ab
917 2222 977 2288 hoc
993 2223 1188 2312 discrepare:

101 2352 103 2371 =
155 2326 251 2391 sicubi
271 2327 444 2414 discrepet,
465 2326 498 2390 id
515 2340 570 2389 aut
582 2328 661 2389 vitio
674 2349 855 2414 operarum,
875 2342 930 2392 aut
944 2331 1124 2392 correctoris
1138 2349 1187 2392 se·

101 2456 103 2461 ·
156 2428 284 2496 dulitate
307 2430 442 2513 factum,
464 2446 501 2495 ut
521 2429 584 2495 fere
604 2431 718 2495 accidit
741 2435 775 2495 in
796 2431 940 2497 omnibus
961 2429 1075 2496 talibus
1100 2429 1190 2503 librIs

157 2535 331 2626 (videque
344 2558 416 2599 mox
427 2535 466 2599 de
477 2531 595 2598 Aldina
611 2535 746 2600 editione
766 2536 943 2617 dicentur).
962 2535 1023 2601 Sed
1037 2533 1191 2599 Mediola-

157 2661 245 2705 nense
259 2635 437 2727 exemplum
448 2661 512 2703 non
525 2635 687 2721 habuisse,
701 2662 757 2704 nec
770 2645 871 2728 operis
886 2639 1123 2728 exprimendum
1139 2639 1191 2704 de·

158 2745 233 2810 disse
252 2742 453 2827 Beroaldum,
470 2767 563 2832 parva
576 2764 629 2823 ,res
647 2743 764 2808 indicio
781 2758 840 2808 est.
859 2743 940 2808 Nam
957 2746 991 2808 in
1010 2742 1194 2832 praelatione

160 2847 337 2931 Puteolani,
351 2870 445 2939 quarn
459 2851 620 2935 repetitam
634 2870 698 2913 esse
714 2848 781 2912 dixi
794 2851 828 2914 in
841 2848 977 2913 editione
994 2844 1192 2929 Beroaldina,

160 2954 237 3018 idem
247 2976 332 3018 error
344 2974 506 3042 operarum
517 2966 582 3034 est,
602 2950 720 3017 Veteri
728 2975 786 3041 pro
804 2949 843 3018 V
839 2954 927 3015 eneti
934 2955 1172 3038 exprimentium
1182 3003 1192 3035 ,

160 3063 210 3148 qui
223 3062 259 3122 in
273 3057 412 3138 Veneta3
426 3080 498 3123 eum
509 3060 542 3121 in
555 3054 781 3122 Mediolanensi
798 3055 920 3123 Veneti
929 3058 980 3119 sit.
993 3054 1104 3144 Itaque
1115 3055 1195 3120 frus·

160 3178 202 3227 tra
216 3163 236 3228 J
242 3212 249 3226 .
262 3162 443 3229 Gronovius
452 3159 596 3253 pluribus
606 3160 683 3227 locis
694 3162 786 3247 (vide
798 3183 829 3224 v.
840 3185 868 3226 e.
879 3161 918 3224 ad
930 3158 1008 3241 XV,
1018 3154 1082 3238 643
1095 3156 1194 3242 XVI,

166 3289 196 3349 13
208 3267 287 3351 XV,
303 3290 339 3331 11
351 3319 360 3351 ,
374 3283 440 3332 not.
454 3292 492 3334 ιο
501 3318 509 3350 ,
519 3266 577 3333 ubi
586 3269 664 3332 mire
675 3289 706 3331 se
718 3266 843 3354 expedit
852 3265 865 3346 )
874 3267 1017 3329 irascitm·
1030 3259 1194 3346 Beroaldo,

162 3371 255 3455 aliter,
268 3395 363 3462 quam
378 3373 412 3435 iu
424 3369 604 3436 Florentino
617 3371 724 3437 codice
745 3385 843 3452 esset,
863 3369 984 3451 edenti,
1000 3368 1195 3457 quaeritque,

163 3476 213 3541 ubi
226 3473 333 3541 oculos
343 3475 500 3540 hahuerit.
517 3474 636 3563 Nempe
651 3471 828 3558 longissime
839 3470 877 3534 ab
890 3468 942 3534 illo
954 3471 1059 3535 codice
1070 3468 1198 3535 Floren-

165 3582 244 3660 tino,
271 3600 402 3669 sequens
421 3600 521 3641 unum
542 3573 717 3664 exemplum
739 3596 831 3639 suum
852 3572 1019 3637 Venetum.
1038 3570 1100 3636 Sed
1122 3595 1195 3658 age,

167 3679 308 3771 exemplis
321 3680 441 3771 aliquot
457 3696 569 3768 praeter
581 3702 635 3758 ea,
651 3699 722 3769 qua
740 3692 811 3741 ante
830 3676 1053 3759 indicavimus,
1070 3680 1197 3764 positis,

170 3808 228 3850 rem
238 3784 360 3874 planam
372 3785 530 3849 faciamus.
541 3783 582 3848 A.
594 3781 699 3865 XIII,
714 3778 771 3865 14,
786 3784 874 3863 init,
888 3795 919 3845 et
931 3777 974 3843 H.
989 3779 1044 3862 IV,
1056 3801 1093 3842 ar
1106 3830 1114 3861 ,
1126 3778 1198 3846 MS.

171 3886 247 3954 Flor.
257 3891 425 3955 arbitrium
435 3915 445 3950 .·
455 3888 522 3953 Ber.
533 3891 630 3977 priori
640 3885 902 3963 locoarbitrium,
920 3881 1015 3949 altero
1026 3884 1199 3963 arbitrum,

174 3992 413 4060 utPuteolanus.
431 3991 532 4077 XIII,
549 4013 610 4075 21,
629 4005 705 4057 extr.
720 3989 850 4056 verbum
866 4002 973 4055 oroter
989 3986 1073 4053 abest
1085 4011 1104 4052 a
1115 3985 1199 4052 Flor.
