2692 4824
521 344 812 416 rnnrnmo.
1082 310 1181 444 um,

141 495 144 502 ·
153 469 230 558 fide,
250 493 312 535 nec
335 470 458 535 minore
475 471 615 556 judicio,
633 495 696 558 per
709 473 848 538 Beatum
868 469 1068 537 thcnonum.
1089 473 1186 541 Nilni

159 573 300 664 lu'cfingi,
313 574 473 639 docebunt
485 577 711 662 castigationes
722 580 786 639 suis
797 599 934 664 quaeque
949 577 1038 642 libris
1047 578 1182 645 additae.

157 678 290 745 libellus
297 679 344 743 de
353 677 591 748 Gennonorum
602 681 744 764 populis,
755 679 917 768 Dialogus
926 679 968 743 de
980 679 1183 767 Oratoribus,

155 781 283 875 deinque
293 785 338 849 de
348 786 421 849 uita
430 786 515 853 Julii
522 781 692 872 Agricolae
704 807 765 848 non
777 776 880 850 solum
890 788 1097 850 emaculatins
1106 810 1187 873 pro·

154 888 264 970 deurit,
287 889 349 954 sed
368 904 403 953 et
419 890 626 975 explicatius,
644 887 851 974 adjunctisin
871 889 951 953 lianc
971 913 1038 955 rem
1053 890 1189 957 scholiis.

152 991 225 1060 Haec
234 1017 365 1086 quoque
377 993 474 1058 editio
485 991 615 1082 pulchra
629 1009 692 1077 est,
711 1016 766 1058 nec
779 984 916 1059 multum
928 995 1012 1061 cedit
1025 997 1190 1086 superiori.

151 1096 250 1163 Manu
268 1103 423 1188 scriptum
439 1094 604 1186 exemplar,
617 1120 681 1187 quo
693 1119 725 1163 se
736 1120 830 1162 usum
849 1099 945 1183 dicit,
964 1097 1111 1186 intelligit
1127 1100 1190 1166 Bu-

152 1202 261 1287 dmse,
283 1200 323 1268 de
342 1225 405 1294 quo
424 1217 495 1267 ante
513 1202 644 1266 dictum.
669 1200 802 1267 Editum
821 1200 945 1268 nullum
961 1201 1089 1289 habuit,
1106 1208 1191 1298 quod

151 1308 282 1401 quidem
298 1306 442 1390 fateatur,
457 1322 568 1395 praeter
579 1309 667 1395 prius
685 1304 853 1372 Basileense
866 1333 872 1368 ε
887 1308 972 1397 quod
993 1332 1063 1374 sane
1079 1314 1194 1376 miran-

144 1410 233 1479 tun
245 1415 280 1477 in
292 1426 432 1498 tempore
441 1432 476 1475 eo
486 1461 494 1492 ,
506 1431 570 1500 quo
579 1404 671 1475 leoil'e
679 1401 809 1499 reperiri
821 1413 930 1499 primae
943 1411 1094 1478 editiones
1106 1429 1194 1503 pote-

155 1532 235 1583 rant.
257 1516 303 1582 At
325 1514 507 1580 Basileensis
525 1512 658 1603 exempli
677 1526 798 1579 textum
822 1511 874 1579 ille
893 1518 1064 1605 vulgatum
1083 1526 1193 1603 vocat,

155 1625 250 1688 etiarn
257 1620 315 1686 ubi
324 1641 487 1709 operarum
496 1618 574 1700 vitio
583 1616 706 1682 aberrat
718 1615 1009 1701 aBe1·oaldino,uut
1021 1618 1198 1686 Beroaldini

157 1739 290 1814 peccam
301 1738 333 1790 et
350 1723 555 1788 alternationes
575 1720 613 1785 ab
631 1721 766 1786 editione
786 1719 949 1788 Puteolani
969 1739 1067 1788 servat
1085 1751 1092 1786 :
1110 1725 1196 1815 quod

160 1853 224 1895 non
236 1828 303 1894 u'no
319 1825 388 1892 loco
406 1825 522 1891 lactmn
538 1822 811 1890 animadvertimus
829 1840 922 1915 atque
941 1827 1127 1892 notavimus.
1145 1828 1198 1893 Sic

160 1954 192 1999 v.
203 1957 232 1999 c.
244 1934 284 1997 ad
295 1930 337 1997 A.
350 1929 452 2014 XIII,
467 1927 526 2015 46,
538 1931 615 1994 dicit
628 1951 636 1990 ε
647 1931 825 2016 scripsimus
834 1932 1015 2016 potentiam
1028 1935 1062 1995 ei
1072 1933 1198 2018 adjice-

164 2054 225 2103 ret.
246 2035 317 2102 Jam
328 2038 372 2102 sic
387 2025 477 2124 plane
489 2036 651 2101 ediderant
661 2031 784 2099 Puteol.
800 2032 977 2099 Beroaldus.
995 2032 1056 2100 sed
1073 2035 1105 2099 in
1117 2036 1201 2101 Basi-

165 2139 258 2206 leensi
269 2154 336 2205 erat
351 2132 514 2228 operarum
528 2137 606 2202 vitio
619 2138 806 2223 potentium.
823 2134 899 2220 XV,
915 2134 974 2221 44,
988 2152 1065 2202 extr.
1077 2137 1155 2203 dicit
1169 2161 1201 2204 se
1238 2165 1241 2170 ·

166 2247 313 2329 castigare
327 2244 569 2308 absumerentur
583 2267 594 2302 :
609 2240 693 2327 quod
709 2255 811 2305 tamen
824 2255 869 2305 est
883 2239 915 2304 in
929 2238 1074 2306 omnibus
1088 2258 1201 2331 praeter

113 2374 115 2435 ff
168 2344 262 2412 Basil.
275 2343 504 2436 superioribus3
519 2344 553 2409 in
568 2366 630 2434 qua
647 2366 747 2433 operae
765 2344 877 2408 dedere
891 2343 1001 2422 vitiose
1018 2346 1202 2411 absumere·

113 2458 115 2475 ²
171 2448 332 2516 antid.
349 2463 413 2513 not.
431 2447 469 2512 ad
482 2443 524 2513 H.
540 2448 597 2528 IV,
618 2443 672 2531 14,
689 2445 750 2535 73,
765 2462 825 2512 etc.
842 2445 958 2512 Contra
972 2445 1033 2511 alia
1048 2451 1115 2535 ejus
1132 2472 1203 2540 pec-

171 2569 237 2619 cata
247 2575 288 2619 ne
297 2550 514 2617 animadvertit
525 2549 766 2642 quidem,velut
778 2573 831 2634 ea,
843 2573 914 2641 quae
925 2565 997 2616 ante
1009 2556 1202 2639 notavimus,

171 2673 200 2724 et
217 2655 311 2748 plura
328 2653 400 2721 alia.
421 2654 505 2721 Illud
524 2656 559 2720 in
576 2656 684 2745 primis
703 2678 759 2720 nos
776 2655 926 2737 advertit,
943 2655 1028 2746 quod
1041 2655 1205 2746 permultis

172 2759 263 2845 locis,
286 2759 345 2825 uhi
364 2781 436 2826 cum
459 2757 686 2850 superioribus,
708 2759 765 2827 hoc
788 2776 834 2829 est
853 2761 971 2826 Veneto
991 2759 1156 2826 Puteolani
1175 2777 1206 2827 et

173 2863 354 2931 Beroaldino
365 2867 532 2948 consentit,
549 2863 675 2948 corrigit
685 2878 805 2929 textum
815 2862 905 2952 plane
915 2880 951 2928 ut
960 2862 1054 2930 habet
1067 2865 1114 2929 ed.
1124 2867 1209 2953 prin-

174 2965 376 3060 ceps3'cujus
392 2982 495 3033 tamen
515 2965 633 3033 nullam
658 2968 777 3057 uspiam
795 2970 981 3032 mentionem
1000 2967 1073 3033 iacit
1093 2995 1100 3029 :
1120 2966 1208 3032 velut

134 3112 137 3117 ·
176 3073 214 3139 Δ.
231 3072 316 3156 XII,
337 3073 395 3155 16,
412 3092 453 3157 ¹9
466 3071 533 3154 bls3
555 3076 588 3137 in
601 3094 665 3162 quo
678 3069 746 3136 loco
756 3069 847 3136 nobis
860 3071 935 3136 fides
946 3075 1014 3160 ejus
1029 3094 1125 3159 prope
1138 3094 1206 3137 sns-

177 3194 262 3266 pecta
279 3176 343 3242 tuit
355 3201 362 3240 :
375 3172 462 3261 XII,
478 3175 537 3261 32,
552 3192 628 3242 extr.
642 3175 699 3241 ubi
718 3198 773 3264 pro
788 3177 960 3259 Sylvarum
973 3179 1105 3240 correxit
1123 3172 1209 3243 Sitnss

181 3307 262 3364 rum,
284 3280 394 3372 plane,
412 3296 449 3346 ut
466 3297 512 3347 est
533 3283 566 3347 in
579 3281 713 3348 editione
725 3282 874 3371 principe.
890 3277 952 3344 Sed
967 3277 1056 3344 facile
1069 3302 1141 3343 eum
1154 3278 1209 3343 ab·

113 3412 117 3440 2
181 3384 265 3452 solvit
278 3399 349 3450 tum
362 3400 435 3450 nota
448 3385 508 3451 viri
524 3384 701 3471 integritas,
721 3402 789 3451 tum
801 3382 973 3450 multitudo
985 3380 1122 3448 locorum
1135 3406 1208 3474 quae

113 3522 121 3532 ·
181 3475 293 3576 pariter'
309 3488 483 3572 corrigendi
501 3487 550 3554 ed.
571 3478 618 3578 pr'.
634 3487 811 3555 facultatem
825 3487 927 3553 dabat.
944 3487 1053 3578 Itaque
1066 3493 1125 3552 ista
1139 3478 1212 3551 euni

117 3613 123 3645 ε
183 3589 227 3656 vel
237 3613 257 3658 e
267 3589 352 3657 libro
366 3590 520 3676 Budensi,
535 3589 584 3657 vel
596 3590 720 3677 ingenio
733 3589 857 3680 petiisse
870 3589 1061 3681 putabimus.
1074 3590 1212 3658 Omnino

117 3723 127 3732 ·
185 3691 231 3761 ille
243 3716 328 3785 saepe
341 3696 386 3760 ita
399 3699 544 3781 corrigit,
559 3710 612 3779 ut,
627 3695 711 3760 unde
722 3698 868 3760 correctio
881 3711 1004 3784 sumpta
1019 3697 1075 3779 sit,
1090 3719 1152 3761 non
1165 3694 1214 3759 di-

113 3798 130 3858 a'
188 3798 362 3891 ntAtqne
376 3798 466 3864 exiis
481 3801 630 3890 quasdam
642 3822 660 3864 a
673 3798 815 3885 ¹Victorio
835 3803 1020 3884 excogitatas
1038 3804 1155 3889 reperi,
1177 3811 1215 3861 ut

113 3928 131 3961 s:
191 3901 225 3967 Δ.
237 3902 308 3989 III,
327 3902 386 3987 18,
406 3899 466 3985 583
483 3902 537 3988 lv,
555 3903 615 3993 73,
632 3917 706 3986 etc,
719 3925 797 3994 quas
811 3917 918 3968 utrum
932 3907 1097 3991 sumpserit
1110 3925 1128 3966 a
1142 3901 1215 3965 Vic-

121 4028 135 4063 a
192 4010 262 4075 torio
274 4021 307 4074 ct
319 4006 380 4075 mh
394 4009 519 4076 nomine
532 4030 588 4075 suo
601 4007 753 4094 ediderit,
768 4030 808 4075 an
825 4030 898 4075 cum
910 4006 1067 4091 Victorio,
1083 4004 1116 4070 id
1129 4003 1215 4095 quod

323 4135 355 4181 ts
1036 4126 1050 4158 ⁶
