2692 4824
439 315 730 387 ranrirro.
1028 327 1103 422 1111

10 480 34 519 a
83 464 122 508 111
138 464 275 508 romarios
297 458 485 509 consecutus
503 459 567 528 est,
589 458 626 508 ut
647 442 707 509 sibi
722 465 828 510 ornnes
840 443 973 536 exempli
986 453 1106 518 romani

10 586 29 623 ς,
79 546 214 637 plagula,
227 547 335 615 adhuc
354 570 443 638 paene
456 549 615 614 madentes
629 571 647 612 a
660 545 774 637 praelo,
788 552 1004 633 mitterentur,
1024 578 1103 644 quas

10 719 21 744 ,,
76 650 117 719 ille
129 654 230 719 statim
243 653 433 739 recudebat,
447 675 589 743 sperans,
601 655 647 723 ,ita
658 676 722 720 suae
734 654 880 720 editionis
893 655 1031 747 exempla
1041 684 1104 726 una

10 800 12 833 ;
72 782 134 826 cum
149 758 489 848 Romanisproditura.
504 758 566 825 Sed
579 782 613 824 ea
628 780 695 846 spes
708 759 796 823 irrita
808 758 880 823 suit.
895 758 975 824 Nam
985 808 995 840 ,
1005 786 1038 829 re
1047 786 1101 829 co-

68 865 162 950 gnita,
171 864 407 932 Leobominem
415 864 552 930 Romam
559 880 680 950 evocat,
690 864 840 929 rationem
849 864 1045 930 redditmnm
1055 867 1102 932 in-

66 970 143 1059 cepti
156 986 253 1062 atque
268 970 362 1037 etiam
380 993 485 1060 poenas
504 971 661 1036 daturum.
682 969 744 1034 Sed
765 969 1006 1058 deprecantibus
1025 956 1102 1037 iram

63 1073 173 1141 Leonis
186 1099 222 1142 ac
239 1096 363 1165 poenam
377 1074 464 1141 abeo
477 1075 551 1142 viris
565 1073 726 1161 gratiosis,
739 1097 812 1140 cum
830 1071 960 1162 epistola
979 1075 1102 1140 veniam

61 1180 196 1268 peccati,
212 1181 299 1272 quod
315 1180 353 1244 ab
368 1179 541 1264 ignorantia
557 1179 670 1263 edicti,
693 1195 725 1244 et
745 1177 918 1268 cupiditate
938 1178 1102 1268 discipulis

59 1284 313 1374 suisepponendi
328 1283 492 1350 historiam
504 1283 695 1368 Augustam,
714 1299 823 1348 natum
838 1299 932 1367 essct,
952 1282 1104 1374 supplici·

58 1402 103 1455 ter
116 1404 277 1474 rogasset,
293 1387 414 1454 obtinet
427 1411 455 1453 a.
473 1386 574 1471 1516,
587 1411 659 1455 cum
674 1392 783 1469 venia,
804 1403 987 1478 potestatem
1001 1387 1102 1454 absol-

58 1492 151 1558 vendi
176 1492 302 1580 operis,
325 1492 383 1556 hac
406 1491 489 1578 lege,
506 1507 546 1558 ut
568 1514 642 1558 cum
666 1488 812 1556 Beroaldo
838 1507 909 1557 ante
933 1485 1100 1561 decideret.

59 1593 213 1685 Epistolae
222 1649 232 1682 ,
248 1595 422 1662 Minutiaui
439 1597 479 1662 ad
493 1595 632 1663 Leonem
643 1612 674 1661 et
684 1596 799 1662 Leonis
814 1597 853 1661 ad
864 1596 1080 1664 Minutianum
1089 1651 1099 1685 ,

59 1698 209 1790 subjectae
224 1717 299 1765 sunt
314 1701 406 1766 istius
416 1701 562 1768 editionis
576 1699 733 1788 exemplis.
754 1701 794 1766 V.
808 1699 919 1767 Sarius
934 1703 968 1766 in
981 1704 1100 1769 Prole-

58 1827 138 1892 gom.
154 1805 251 1872 Hiar.
264 1808 428 1872 literaria·
415 1821 556 1894 NJtypogr
571 1805 752 1870 Mediolani.
745 1854 775 1885 .‚
792 1830 824 1893 p.
844 1825 915 1921 109,
929 1805 1079 1891 Quem'
1048 1831 1101 1874 vr

58 1931 125 1973 rum
137 1909 358 1975 doctissimum
372 1912 467 1973 miror
477 1910 614 1991 tradere,
631 1906 817 1972 bernaldum
831 1909 947 1995 priores
959 1912 1100 2000 quinque

58 1980 148 2078 libros
163 2028 290 2079 tantum
303 2012 454 2096 edidisse,
475 2009 693 2076 Minutianum
710 2027 814 2076 autem
832 2015 925 2076 etiam
943 2010 1099 2103 reliquum

60 2139 188 2207 corpus,
204 2113 822 2198 aPuteolanoanteMediolanieditum,
841 2115 1011 2200 addidisse,
1025 2128 1098 2183 oum

59 2220 141 2286 aliud
155 2244 207 2286 res
221 2226 290 2310 ipsa
301 2221 419 2287 doceat.
432 2219 552 2310 Nempe
562 2220 712 2309 deceptus
721 2236 767 2286 est
778 2166 826 2284 vii·
835 2219 946 2285 doetus
958 2220 1099 2312 exemplo

59 2323 258 2415 Beroaldina,
276 2328 311 2390 in
331 2348 395 2415 quo
417 2323 475 2389 soli
496 2324 590 2412 primi
614 2323 686 2389 libri
707 2339 826 2408 essent,
846 2325 885 2389 de
905 2347 967 2415 quo
987 2348 1099 2410 genere

25 2418 30 2437 '
59 2443 124 2494 ante
134 2428 260 2494 monui.
275 2417 382 2519 Hujus
395 2429 542 2495 editionis
556 2427 734 2518 exemplum
752 2430 811 2495 etsi
824 2427 991 2514 diligenter
1006 2454 1097 2522 quae-

60 2532 168 2619 situm,
188 2534 330 2599 invenire
343 2535 422 2601 mihi
437 2537 576 2601 nondum
593 2534 705 2601 licuit:
720 2557 777 2600 nec
790 2535 993 2624 profuturum
1005 2535 1096 2627 quic-

60 2659 144 2725 quam
158 2653 244 2722 erat,
258 2640 384 2728 quando
398 2655 465 2705 tota
479 2640 576 2705 editio
590 2663 607 2704 e
624 2637 806 2705 Beroaldina
817 2639 920 2705 fluxit.

95 2741 231 2809 Duobus
245 2742 333 2807 annis
347 2760 436 2830 post,
449 2743 509 2809 boc
521 2759 566 2810 cst
582 2741 681 2828 1519,
692 2743 796 2810 Taciti
810 2767 903 2834 opera
914 2744 1013 2809 edidit
1024 2746 1095 2810 Ba·

60 2849 141 2912 111111
159 2847 193 2914 Ι.
216 2847 412 2926 Frobentus,
432 2847 475 2913 ita
495 2845 658 2932 eleganter,
679 2864 716 2912 ut
735 2849 908 2937 superiores
926 2871 989 2912 nou
1004 2850 1097 2916 modo

61 2966 209 3040 equaret,
224 2951 279 3017 sed
292 2955 386 3018 etiam
399 2975 496 3041 prope
511 2967 680 3041 superaret.
696 2951 758 3018 Sed
772 2949 852 3017 nihil
868 2951 954 3017 aliud
970 2952 1024 3017 hic
1042 2979 1095 3020 ac·

60 3067 120 3118 111111
135 3070 202 3138 est,
218 3060 278 3121 nisi
291 3072 328 3122 ut
341 3056 523 3123 Beroaldina
534 3073 734 3147 repeteretur,
747 3061 839 3147 cujus
850 3061 943 3122 etiam
955 3057 1098 3145 praelatio

61 3160 236 3250 notulaeque
250 3161 383 3251 adjectae
393 3178 480 3228 sunt
495 3164 541 3230 Ut
556 3180 660 3229 tamen
669 3161 791 3253 aliquid
805 3165 958 3260 praecipm
949 3161 1097 3231 haberet

61 3259 117 3329 baec
131 3265 252 3348 editio,
273 3265 400 3330 additus
414 3281 460 3330 est
475 3264 599 3332 libellus
614 3256 887 3331 observationum
879 3289 913 3332 111
926 3266 1094 3353 Tacitum,

58 3365 90 3430 ab
107 3367 214 3432 Andr.
238 3316 361 3435 liciata
383 3373 580 3457 scriptarum.
600 3369 746 3436 Libellus
766 3371 879 3436 deinde
895 3372 935 3437 de
956 3371 1096 3442 moribus

56 3469 229 3537 Germana
244 3471 395 3539 Rhenano
410 3490 565 3540 correctus
579 3492 643 3560 est,
656 3476 696 3540 de
707 3500 770 3566 quo
781 3493 851 3565 post
863 3477 993 3543 dicetur.
1005 3477 1093 3544 Non·

54 3574 144 3641 nullis
155 3577 190 3641 in
202 3574 279 3642 locis
293 3578 437 3643 dissentit
446 3578 515 3645 haec
524 3580 621 3646 editio
636 3605 653 3645 a
666 3580 867 3665 Beroaldina,
882 3583 952 3666 sed,
963 3582 997 3647 id
1005 3583 1091 3673 qnod

54 3677 168 3746 clarum
184 3695 231 3747 est
242 3680 347 3764 ,rvitio
361 3704 543 3770 operarum
559 3698 595 3748 111
608 3687 722 3773 passim
742 3684 776 3748 iu
794 3689 877 3750 notis
890 3690 1067 3751 monuimus
1082 3711 1099 3749 2>

50 3806 125 3876 l·-⁰·
146 3785 217 3871 ΠΙ,
236 3785 299 3874 75,
314 3784 371 3850 ubi
385 3786 484 3851 edidit
494 3790 610 3874 populi
622 3791 814 3854 contumelia
827 3789 922 3855 Rom.
940 3814 998 3879 pro
1013 3815 1089 3855 corr-

47 3904 122 3956 tum.
129 3915 209 3978 pop.
221 3889 338 3976 110111,
348 3913 378 3955 v.
387 3907 452 3957 not.
462 3915 490 3957 c.
500 3914 559 3977 29,
573 3893 630 3958 nbi
640 3894 739 3960 edidit
749 3897 835 3959 ultro
845 3918 903 3985 pro
912 3899 1017 3980 ultra,
1028 3911 1087 3961 etc.

45 3992 90 4058 Et
102 4000 163 4061 ista
176 3995 277 4085 hirjats
292 3995 425 4083 exempli
436 4011 534 4067 errata
544 4019 624 4086 saepe
639 4012 728 4066 notas
740 4015 771 4064 et
784 4003 988 4069 correctiones
996 3984 1089 4091 pepe-
