2692 4824
145 348 178 416 xi
544 347 782 418 ERNESTI

148 470 208 536 bus
218 468 573 561 antiquioribus.lgitur
583 471 716 538 subinde
725 496 782 560 pro
792 477 969 563 conjecture
977 473 1181 566 posuit,qnoe

147 579 181 640 in
194 575 329 640 editione
341 573 440 662 prima
452 596 533 665 saepe
548 592 578 643 et
591 576 678 662 aliis,
691 579 899 667 reperiuntur,
914 594 1026 644 utnon
1040 601 1105 644 uno
1113 575 1183 645 loeo

149 679 267 746 anobis
279 680 456 743 adnotatum
465 695 522 745 est.

193 784 263 849 Non
282 786 326 848 ita
340 780 440 849 multo
457 800 528 873 post
548 783 670 851 Theod.
688 785 828 872 Ryclrius
843 787 886 869 ¹ad
903 787 1183 871 recognoscendum

151 887 295 953 Tacitum
308 888 451 971 accessit,
467 889 593 978 adjutus
605 890 710 956 codice
725 887 880 975 Agricolae
892 892 1044 975 maxime,
1059 874 1186 979 eicerp·

149 991 191 1057 tis
199 991 270 1058 MS.
282 990 373 1076 Regii
383 991 634 1085 editionibusque
642 993 821 1079 Puteolani,
833 993 973 1061 Beroaldi
983 1046 991 1078 ,
1002 994 1091 1059 Rivii
1102 993 1188 1074 ;edi·
1209 1018 1212 1025 ·

150 1095 260 1186 ditque
269 1093 370 1167 Taciti
380 1093 474 1162 libros
484 1120 555 1163 cum
566 1099 648 1166 notis
661 1100 724 1167 suis
735 1097 838 1184 Lugd.
848 1099 915 1173 Bet.
929 1123 956 1164 a.
974 1101 1067 1187 1687,
1083 1098 1187 1165 ιιι-ιι.
1203 1182 1206 1191 Ι

151 1198 297 1317 Exprimi
307 1198 403 1316 jussit·
407 1214 526 1266 textum
536 1199 741 1269 Gronovianae
752 1202 915 1286 editionis,
928 1201 988 1267 hoc
1003 1218 1048 1268 est
1057 1194 1219 1271 Reme?

154 1305 329 1385 corianum,
344 1301 404 1368 nisi
396 1303 503 1392 quod
517 1304 664 1371 nonnulla
684 1330 701 1371 e
719 1307 788 1372 cod.
808 1303 883 1390 Agr.
902 1303 973 1371 MS
994 1302 1078 1370 Flor.
1097 1308 1190 1394 cujus

155 1404 363 1495 excerptan.
374 1403 708 1497 Gronovioacceper,at
719 1425 750 1474 et
763 1409 812 1474 ed.
822 1405 942 1474 Puteol.
952 1406 1096 1492 correxit,
1105 1429 1197 1521 quec-
1226 1474 1229 1481 ,

155 1509 349 1592 demetiam,
365 1509 417 1575 sed
431 1509 547 1599 oppido
560 1533 676 1601 pauca,
690 1514 729 1578 de
742 1517 929 1603 conjectura.
1216 1512 1219 1519 ’

162 1612 339 1681 Accessit
351 1627 422 1701 post
432 1611 514 1679 hunc
529 1613 567 1678 ad
579 1617 796 1680 recensendum
810 1615 955 1681 Tacitum
967 1614 1041 1680 [αι.
1058 1580 1192 1711 Grdtro-

156 1721 240 1797 vius,
256 1717 424 1782 instructus
434 1718 583 1806 excerptis
595 1717 827 1784 florentinorum
838 1718 1005 1800 librorum,
1018 1732 1049 1783 et
1063 1736 1193 1801 actura·

156 1821 275 1887 tissima
296 1819 459 1910 utriusque
480 1822 596 1889 codicis
615 1821 777 1888 collatione
800 1844 871 1888 cum
889 1820 1035 1888 editionis
1055 1816 1194 1918 paternae

157 1934 262 2004 ιιιιιι,
273 1923 356 1988 unde
365 1946 427 1987 non
436 1945 497 1989 uno
508 1948 542 1989 m
550 1922 702 1992 locobene
711 1941 813 1992 textus
823 1941 977 1992 correctus
986 1938 1042 1990 est
1053 1920 1122 1994 Sed
1119 1923 1195 2018 ipse

157 2027 313 2096 absolvere
322 2050 400 2116 opus
411 2043 502 2119 atque
511 2030 668 2095 ederenon
675 2045 795 2119 potuit
804 2045 903 2095 morte
911 2042 1113 2123 praeventus
1101 2024 1194 2113 Edi·

158 2131 295 2198 drtfihus
304 2129 500 2197 Abrahamus
509 2131 873 2222 etavrtaeedrtronrpatrrs
882 2145 970 2196 notas
978 2128 1194 2225 addrdrtTral

102 2307 105 2312 ¹
161 2237 228 2300 Bet.
246 2259 273 2300 a.
293 2255 393 2320 1721,
408 2231 487 2313 ιιι-4.
503 2232 665 2318 Quantum
684 2232 737 2299 ille
751 2234 844 2323 pretii
859 2232 910 2301 his
926 2231 1015 2298 libris
1032 2222 1195 2324 ιιιιιιιιιι,

116 2408 120 2419 ,
161 2361 254 2426 supra
277 2336 398 2401 dictum
423 2351 479 2401 est.
503 2334 679 2419 Vellemus,
706 2335 805 2404 lenius
828 2350 988 2402 tractasset
1011 2284 1195 2431 Ryclriutb
1182 2372 1206 2419 ,-

160 2462 255 2533 quem
274 2439 435 2506 subinde
426 2463 458 2503 ιιι
474 2437 535 2505 levi
551 2464 584 2506 re
600 2441 643 2506 ita
662 2440 817 2558 increpat,
837 2439 924 2530 velut
940 2438 1048 2528 patriai
1064 2435 1197 2505 salutem

161 2544 357 2660 prodidisset.
374 2541 538 2610 Credimus
552 2559 671 2627 tamen,
683 2544 792 2611 mitius
807 2543 909 2644 virum
920 2540 1100 2608 excellenter
1117 2541 1197 2607 doc-

162 2664 229 2714 tum
246 2647 388 2731 sensisse,
403 2669 496 2736 quem
511 2647 675 2737 scripsisse.
819 2659 821 2663 ’

207 2751 265 2816 Hae
280 2750 342 2815 fere
357 2766 428 2815 sunt
443 2751 591 2820 editiones
601 2751 741 2843 ,quibus
756 2752 806 2818 usi
821 2772 925 2819 snmus
939 2749 972 2815 in
991 2763 1079 2814 textu
1094 2748 1199 2815 Taciti

163 2855 366 2938 recensendo,
385 2877 456 2920 cum
472 2856 608 2944 primum
621 2880 692 2922 eum
705 2855 839 2921 laborem
858 2853 1047 2942 suscepimus
1066 2878 1073 2914 ;
1089 2868 1200 2917 ceterae

164 2961 267 3026 minus
283 2956 371 3024 clarae
387 2974 476 3042 sunt,
491 2982 548 3052 nec
562 2957 665 3026 locum
678 2960 820 3026 obtinent
833 2960 866 3024 in
879 2959 934 3041 iis,
947 2956 1064 3048 quibus
1074 2961 1125 3045 jus
1135 2954 1202 3021 suf-

163 3063 255 3149 fragii
271 3064 465 3147 concedatur,
480 3085 552 3129 cum
566 3065 604 3130 de
617 3063 749 3130 lectione
761 3062 866 3153 aliqua
881 3061 1042 3153 quaeritm‘.
1064 3058 1144 3124 Nam
1155 3079 1201 3123 ιιι

164 3191 203 3233 ex
215 3167 326 3234 harum
340 3165 443 3258 aliqua
456 3167 559 3233 ductae
573 3184 604 3233 et
615 3167 755 3257 repetitae
770 3180 842 3244 sunt
862 3191 869 3227 ε
889 3181 939 3246 ιι,
956 3163 982 3229 si
998 3187 1060 3254 qua
1072 3161 1153 3226 forte
1167 3158 1204 3226 in

165 3287 253 3360 parte
264 3272 444 3355 discedunt,
463 3272 497 3338 id
507 3288 562 3337 aut
576 3274 677 3361 operis
690 3272 829 3355 debetur,
841 3285 896 3335 aut
910 3292 972 3334 non
986 3283 1032 3333 est
1046 3265 1144 3359 tanti,
1165 3280 1205 3331 ut

165 3390 327 3464 propterea
344 3398 448 3441 earum
467 3376 546 3442 retio
565 3377 598 3440 in
615 3377 675 3442 hoc
693 3399 788 3444 censu
806 3374 916 3441 debeat
928 3370 1047 3438 haberi.
1063 3369 1204 3465 Tempt'rs

165 3476 255 3542 facilc
265 3475 405 3562 docebit,
419 3478 502 3542 unde
515 3501 648 3569 quaequc
663 3478 798 3544 derivata
813 3478 863 3544 sit.
878 3475 975 3558 Nam,
991 3489 1027 3539 ιιι
1040 3487 1111 3538 ante
1124 3468 1205 3561 Lip-

166 3583 247 3647 sium
262 3603 365 3647 omnes
378 3581 519 3657 Rhenani
534 3583 701 3648 editionem
716 3603 907 3670 expressere,
929 3578 973 3645 sic
995 3591 1100 3667 postea
1120 3574 1203 3663 Lip-

167 3684 248 3752 sium
271 3684 367 3751 secuti
385 3700 458 3752 sunt
472 3707 595 3769 omnes,
614 3687 726 3752 deinde
747 3684 914 3751 Pichenam
934 3670 965 3748 ιι
982 3681 1206 3752 Berneccerum

168 3806 223 3855 aut
234 3788 331 3877 hujus
345 3811 498 3875 sequaces.
1202 3780 1205 3787 ¹

200 3922 262 3974 Non
274 3934 358 3973 tamen
367 3939 472 3991 prorsus
482 3922 583 3975 silentio
592 3921 723 3994 premendi
738 3933 797 3974 sunt
810 3922 894 3971 Ianus
906 3921 1041 3980 ennena,
1057 3917 1103 3988 qui
1118 3914 1204 3967 Taciti

170 4021 247 4074 opera
261 4003 415 4072 recognovit
428 4004 506 4068 ιιι-8.,
525 4005 545 4058 F
546 4004 641 4058 rancof.
661 4006 730 4072 1607,
743 4004 779 4055 ita
791 4014 821 4055 ut
837 4013 863 4054 et
875 4001 981 4072 copioso
994 3997 1079 4051 indice
1093 4009 1121 4051 et
1135 3997 1206 4051 notis
