2692 4824
143 322 196 389 xiv
546 306 784 386 ERNESTI

143 446 209 497 tione
219 440 257 494 ad
262 440 354 496 Jaeoti
363 440 405 491 W
403 438 561 508 imptetingii
570 441 776 508 expurgationem
786 451 872 490 narrat
879 455 917 501 ,a
930 437 1005 506 1514,
1016 437 1114 493 Budam
1122 440 1194 493 inti*

142 541 225 591 serat,
237 523 389 577 aVlndislao
399 522 434 574 ΙΙ.
447 541 507 591 rege
517 521 628 575 traditus
637 523 714 573 fuisse
725 521 837 574 videtur.
847 519 969 583 Scilicet,
986 520 1057 591 quod
1068 520 1192 574 observat

144 605 288 670 Sebierius,
299 607 321 674 ξ.
332 605 397 667 Vll,
409 616 516 655 amorte
527 601 645 659 Matthiae
656 601 829 665 bibliotheca,
841 619 918 672 ([ιιιιιι
929 620 1027 653 summo
1039 602 1124 655 studio
1135 605 1192 654 col-

143 690 254 758 legerat,
272 689 365 740 sensim
382 685 494 739 defluere
514 685 596 753 coepit
610 685 709 737 incuria
724 682 790 735 dicti
804 686 872 753 regis
886 682 1008 735 Vladislai
1024 684 1130 754 ejusque
1142 684 1191 735 filii

143 770 284 833 Ludovici,
295 771 339 840 qui
345 807 353 833 ,
363 770 497 825 literarum
509 765 600 817 studiis
610 782 701 836 parum
709 766 844 828 innutriti,
857 764 943 816 doctis
956 766 1019 816 viris
1032 784 1062 815 eo
1073 765 1191 816 adfluen-

143 851 215 904 tibus
223 851 390 922 gratificaturi
401 849 523 921 praeclara
533 849 616 899 omnis
626 849 726 918 generis
736 864 828 918 opera,
843 848 983 917 praesertim
995 860 1129 898 auctorum
1141 867 1191 899 ve-

143 946 228 984 terum
243 933 421 995 classicorum,
439 931 471 981 iis
481 946 643 992 concessere,
654 926 724 1000 quod
735 929 853 999 exemplo
863 927 1013 998 Cuspiniani
1026 928 1190 1000 aliorumque

142 1011 273 1066 Schierius
283 1013 410 1077 ostendit,
421 1013 467 1083 qui
476 1011 541 1064 banc
556 1012 665 1083 primam
674 1010 785 1063 Budensi
798 1009 962 1063 bibliotheca
976 1008 1077 1062 cladem
1087 1012 1191 1063 illatam

144 1098 269 1166 queritur,
280 1096 395 1166 falsoque
405 1106 488 1146 totam
497 1093 551 1163 ejus
561 1093 627 1145 labis
637 1111 751 1144 caussam
760 1093 792 1144 ad
802 1093 902 1146 Tuscos
911 1093 1000 1144 referri
1008 1092 1081 1144 (licit.

177 1176 309 1248 Quicquid
319 1178 365 1239 sit,
375 1192 436 1227 usus
444 1187 484 1227 est
493 1176 520 1227 ‘m
528 1173 627 1227 edendo
636 1175 729 1228 Tacito
738 1174 847 1228 Budensi
856 1172 945 1227 codice
952 1173 1099 1238 Rhenanus,
1107 1194 1192 1246 exque

143 1278 177 1312 eo
191 1259 273 1310 multa
287 1260 345 1311 loca
359 1259 461 1328 egregie
474 1256 579 1311 sanitati
591 1258 719 1319 restituit,
736 1258 835 1309 etiarnsi
845 1258 932 1326 negari
940 1275 993 1308 non
1004 1258 1100 1327 possit,
1116 1259 1190 1329 opti-

144 1357 217 1392 mum
231 1339 331 1403 virum,
346 1352 373 1390 et
382 1339 479 1391 critices
486 1337 581 1391 retem
592 1350 708 1407 tempore
720 1338 917 1408 peritissimum,
933 1336 1037 1389 humani
1048 1338 1112 1409 quid
1121 1358 1190 1390 non-

144 1438 276 1491 nunquam
285 1438 396 1491 passum.
407 1418 583 1490 Preterquam
593 1420 674 1483 enlm,
684 1417 755 1491 quod
766 1419 898 1472 manifesta
908 1432 1013 1491 peccata
1023 1418 1121 1473 codicis
1130 1439 1191 1489 pas-

144 1504 194 1556 sim
203 1502 326 1572 suffragio
338 1520 384 1554 suo
394 1500 486 1555 firlcire
494 1498 611 1564 laborat,
623 1500 693 1573 quod
704 1503 729 1554 in
739 1520 770 1552 eo
780 1499 944 1571 reprehendit
954 1500 1065 1554 Pichena
1075 1500 1108 1552 ad
1118 1503 1153 1553 H.
1162 1503 1191 1566 1,

143 1584 191 1654 49,
201 1597 228 1635 et
236 1584 325 1655 paullo
335 1596 393 1636 ante
403 1599 418 1634 a
432 1601 472 1635 me
479 1583 605 1651 exemplis
614 1594 653 1634 est
662 1581 806 1642 firmatum,
818 1582 953 1651 aliquoties
963 1583 989 1632 in
999 1581 1131 1634 referenda
1141 1602 1190 1636 co-

144 1665 210 1719 dicis
218 1663 329 1718 lectione
338 1664 446 1727 fallitur,
458 1664 530 1736 cujus
538 1666 575 1716 rei
585 1664 724 1735 specimina
734 1661 835 1716 videbis
846 1661 878 1713 ad
888 1663 984 1726 mxl,
999 1682 1027 1726 1,
1039 1664 1070 1729 4,
1083 1683 1128 1726 ιο,
1140 1669 1189 1733 283

43 1794 45 1799 .
143 1745 216 1812 XIV,
229 1747 273 1811 ιδ,
287 1747 335 1811 51,
350 1749 398 1814 603
411 1744 467 1809 XV,
478 1746 518 1815 74.
531 1744 684 1808 fl.111,52.
702 1745 750 1796 Est
766 1758 793 1796 et
806 1744 851 1796 ubi
866 1742 899 1796 ad
908 1745 1060 1796 varietatem
1069 1745 1191 1798 lectionis

144 1845 198 1880 non
208 1827 340 1892 adtendit,
351 1841 382 1880 ut
391 1828 425 1880 H.
435 1828 490 1892 ΠΙ,
503 1846 549 1898 79,
565 1827 611 1879 ubi
625 1825 690 1878 Bud.
703 1826 796 1893 procul
809 1826 902 1878 umam.
921 1826 975 1878 Ista
989 1825 1118 1889 indicare,
1134 1827 1190 1880 haee

143 1911 280 1981 supplere,
292 1930 343 1962 non
358 1910 469 1981 neglexi.
488 1908 639 1981 Optandum
654 1926 733 1980 porro
747 1909 852 1971 fuisset,
863 1921 906 1972 ut,
917 1908 987 1979 quod
996 1908 1190 1961 tecitnonnun-

144 2010 223 2065 quam
233 1992 384 2056 Rhenanus,
397 2010 497 2062 semper
506 1991 657 2054 indicasset,
671 1990 875 2063 emendationes,
890 2006 955 2061 ques
967 1990 1146 2053 sommendat,
1157 1991 1190 2043 de

144 2093 192 2126 suo
203 2093 275 2127 snex
286 2074 390 2139 codice,
402 2073 599 2143 deprompserit.
617 2073 658 2124 Ex
674 2073 723 2124 hac
739 2073 792 2141 ejus
808 2073 905 2124 incuria
917 2070 1031 2134 butum,
1049 2085 1079 2123 ut
1094 2071 1190 2124 dubius

145 2153 241 2208 haereat
249 2157 383 2210 Ernestius
393 2154 461 2208 haud
472 2173 545 2213 raro,
562 2168 593 2206 ut
603 2156 636 2207 ad
647 2158 681 2207 A.
693 2155 750 2218 XV,
760 2155 791 2207 53
802 2176 809 2221 3
825 2154 901 2214 XVI,
912 2170 942 2205 at
954 2174 962 2221 3
973 2152 1007 2205 fl.
1018 2155 1058 2207 111
1068 2193 1076 2217 ,
1087 2156 1128 2222 47,
1140 2155 1187 2222 563

144 2237 191 2300 IV,
202 2257 248 2306 70,
262 2238 310 2304 84,
322 2251 372 2289 ete.
384 2235 416 2288 ld
430 2254 509 2307 porro
525 2235 639 2288 Rhenani
656 2236 785 2288 silentium
800 2253 867 2306 saepe
881 2233 1027 2286 Ernestium
1036 2236 1064 2286 in
1075 2254 1189 2287 errorem

51 2366 55 2379 ,
128 2342 131 2347 ·
144 2317 248 2371 induxit
258 2358 265 2382 ,
282 2332 313 2369 ut
329 2318 397 2369 casui
407 2317 548 2380 tribueret,
559 2315 630 2387 quod
639 2316 763 2369 Budensis
773 2329 844 2379 erat,
857 2316 954 2385 respice
964 2315 996 2366 ad
1006 2317 1040 2366 A.
1051 2315 1128 2378 XVI,
1148 2332 1188 2369 22.

68 2430 79 2457 0
145 2399 178 2453 Id
186 2401 270 2469 ipsum
282 2396 375 2450 accidit
385 2410 411 2448 et
421 2398 507 2467 Lipsio
518 2395 549 2448 ad
557 2397 590 2448 H.
601 2398 642 2461 11,
656 2416 698 2467 19,
710 2409 736 2449 et
745 2395 863 2448 Pichenae
872 2398 898 2449 in
909 2394 966 2447 cod.
975 2397 1044 2448 Flor.
1052 2395 1084 2446 ad
1094 2398 1129 2447 A.
1136 2396 1189 2462 XI,

145 2496 170 2550 7.
180 2479 282 2533 Similes
291 2497 390 2531 errores
399 2480 487 2530 notavi
497 2477 530 2529 ad
547 2479 579 2529 H.
597 2479 625 2539 l,
640 2478 688 2544 643
705 2478 745 2540 11,
758 2497 806 2548 993
825 2478 881 2540 Ill,
895 2478 925 2545 [μ
936 2499 943 2545 3
956 2477 988 2540 V,
1004 2493 1043 2529 πο.
1062 2478 1188 2547 Lepidum

144 2559 210 2613 illud
220 2561 301 2612 videri
312 2573 412 2630 potest,
423 2558 494 2629 quod
510 2576 541 2610 ex
557 2556 607 2610 hoc
618 2557 732 2611 Rhenani
742 2559 845 2611 silentio
853 2559 1013 2611 contrarium
1023 2560 1098 2628 plane
1110 2562 1188 2612 colli-

146 2656 211 2712 gunt
226 2641 376 2694 Gronovius
390 2653 415 2690 et
430 2640 572 2692 Ernestius.
588 2637 695 2691 Scilicet
704 2639 841 2692 Rhenanus
850 2638 884 2691 sd
893 2640 927 2691 Η.
938 2641 979 2703 ll,
991 2645 1038 2703 80,
1051 2641 1190 2710 profitetur

147 2742 174 2775 se
182 2725 323 2793 reposuisse
330 2723 434 2774 hiberna
443 2722 550 2773 relatum
560 2720 593 2773 ad
604 2721 772 2785 Germanica,
783 2739 831 2773 nec
838 2719 949 2784 indicat,
960 2741 974 2771 e
984 2720 1108 2787 Budensi‚
1118 2716 1148 2774 an
1158 2740 1189 2776 ex

145 2822 193 2857 suo
202 2807 313 2874 ingenio.
324 2804 456 2855 Ernestius
466 2822 480 2852 e
490 2801 600 2853 Budensi
610 2813 700 2872 putat,
711 2815 753 2865 et,
767 2801 812 2854 uhi
822 2803 972 2873 simpliciter
981 2802 1116 2855 Rhenanus
1127 2825 1188 2857 cor-

146 2888 223 2958 rigit,
238 2885 265 2938 id
276 2886 373 2939 indicio
383 2905 436 2937 esse
447 2886 613 2956 pronuntiat,
625 2904 639 2935 e
649 2882 708 2935 MS.
720 2898 848 2955 sumptam
856 2884 993 2951 lectionem
1003 2907 1009 2952 3
1021 2886 1047 2936 in
1058 2904 1110 2954 quo
1117 2887 1188 2956 judi-

146 2971 186 3021 cio
204 2972 307 3045 egregie,
319 2968 425 3021 fallitur.
444 2965 541 3019 Contra
549 2967 700 3019 Gronovius
713 2986 744 3018 ex
760 2986 791 3018 eo
808 2968 911 3021 silentio
925 2968 1018 3031 insert,
1031 2969 1081 3039 legi
1092 2971 1120 3019 in
1134 2969 1187 3020 Bu-

146 3049 232 3113 densi,
244 3038 363 3116 lubertio,
376 3063 402 3103 et
411 3048 461 3102 hoc
471 3050 576 3122 quidem
587 3051 646 3102 loco
655 3069 702 3101 acu
712 3069 765 3100 rem
776 3054 860 3119 tenet3
872 3069 962 3101 verum
973 3048 1000 3102 id
1010 3052 1089 3120 vulgo
1104 3052 1189 3104 valere

147 3132 217 3203 quod
227 3147 318 3205 putat,
330 3146 357 3184 et
371 3132 507 3185 lectionem
524 3152 576 3183 non
593 3152 647 3184 esse
661 3152 675 3182 e
692 3132 815 3197 Budensi,
832 3134 881 3184 nisi
895 3132 923 3184 id
938 3146 1026 3205 aperte
1036 3133 1188 3203 profiteatur

146 3214 295 3280 Rhenanus,
307 3229 376 3267 errat
391 3229 418 3267 et
430 3217 494 3293 ipse.
510 3215 648 3280 Ceterum,
664 3214 734 3287 quod
751 3218 828 3268 etiam
846 3230 939 3287 praeter
955 3214 1077 3268 Budensis
1092 3217 1189 3268 codicis

146 3300 326 3350 auctoritatem
334 3316 383 3349 non
395 3316 475 3367 pauca
486 3297 621 3349 Rhenanus
630 3300 806 3352 immutaverit
815 3299 986 3362 licentiosius,
997 3318 1048 3349 non
1057 3300 1131 3369 plane
1143 3299 1189 3351 abs

146 3397 175 3430 re
184 3382 299 3452 queritur
308 3379 409 3433 Theod.
418 3379 539 3450 Ryelius.

191 3479 266 3545 Post
278 3479 426 3569 Lipsium
438 3505 527 3546 nemo
538 3505 554 3546 e
565 3481 668 3547 Taciti
679 3482 852 3548 editoribus
865 3481 971 3547 codiee
986 3480 1101 3569 scripto
1110 3504 1188 3545 usus

144 3599 210 3667 est,
227 3584 312 3674 quod
326 3585 473 3669 sciamus,
487 3602 557 3650 onte
569 3585 688 3651 Theod.
700 3584 871 3674 Rycltium.
885 3585 916 3649 Is
926 3586 1065 3650 codicem
1075 3584 1188 3650 babuit

144 3711 236 3773 eum,
252 3688 307 3780 qui
325 3691 482 3778 quondam
504 3691 585 3756 Rod.
608 3690 761 3776 Agricolae
782 3691 901 3774 suerat,
916 3692 999 3755 unde
1015 3689 1188 3779 Agricoloe

146 3793 257 3857 codex
270 3809 407 3860 vocatur.
424 3793 474 3859 Ex
488 3818 523 3860 eo
537 3795 680 3884 quaedam
692 3809 833 3883 excerpta
845 3818 916 3859 cum
930 3794 1038 3884 Lipsio
1050 3817 1188 3859 commu·

147 3898 264 3965 nieavit
277 3896 350 3965 olim
365 3900 549 3969 Franciscue
561 3899 692 3965 Modius
708 3927 715 3962 :
732 3923 803 3991 quae
815 3900 944 3989 Lipsius
959 3924 1015 3988 pro
1029 3903 1189 3991 conjectu-

148 4003 193 4070 -ris
212 4003 319 4095 potius
338 4003 510 4090 Agricolae,
525 4028 621 4095 quam
637 4002 824 4071 lectionibus
837 4004 955 4072 codicis
972 4002 1113 4096 antiqui,
1131 4002 1190 4068 ba·
