2692 4824
366 355 369 360 ·
438 343 732 411 PRAEFATIO.
1080 349 1104 442 tj

55 468 97 533 du
113 466 262 535 moindrc'
275 478 393 557 paysa'n
403 506 418 550 ,·
428 484 472 535 ou
481 467 558 532 d'un
569 466 694 547 enfent3
713 467 768 532 des
781 464 1000 536 declamations
1009 467 1105 538 bous-

55 573 107 639 fies
118 587 152 639 et
164 594 384 662 ennuyeuses,
395 569 459 637 fort
468 568 659 656 travaillees,
673 586 705 636 et
717 571 760 637 ou
772 569 834 638 l'on
844 572 1017 662 n’apprend
1027 576 1106 645 rien.

14 681 16 685 ’
55 677 145 743 voitu
172 701 210 744 ce
226 699 292 770 que
311 674 374 744 l’on
397 693 476 768 peut
497 676 623 743 dircen
645 700 716 760 gron
734 677 789 743 des
809 680 1044 748 commentaires
1066 683 1107 750 de

56 781 232 868 Boecalini,
253 782 427 851 d'Annibel
447 783 554 868 Scoti,
574 784 613 849 de
635 782 842 866 Forstnerus,
861 784 901 848 de
922 783 1104 871 Sehildius,

55 903 85 952 et
103 889 145 954 de'
165 886 327 978 plusieurs
347 904 463 956 nunes.
481 916 497 951 o
520 889 673 979 ld'emquc
684 910 758 954 mox
769 888 810 953 de
824 885 974 954 Amelotii
988 894 1106 957 eonati—

55 991 211 1059 bus-recte
222 991 346 1076 iudicat
358 1018 366 1056 t
378 992 498 1076 eterit,
512 1007 550 1059 ut
559 993 681 1082 opinor,
693 1007 832 1081 tempus,
847 1016 921 1059 cnm
930 1017 993 1059 non
1002 994 1104 1062 multo

54 1108 141 1165 secus
155 1098 199 1165 de
211 1097 365 1165 Gordono
377 1097 581 1186 judicabitur.
603 1096 749 1189 Namque
762 1096 822 1163 hoe
841 1121 939 1182 genus
953 1098 1105 1189 interpre-

55 1218 121 1268 tum
134 1225 213 1269 cum
226 1200 324 1268 altero
341 1200 395 1268 illo
409 1203 519 1269 critico
527 1217 559 1269 et
570 1203 771 1287 grammatico
785 1202 830 1267 ita
840 1217 872 1268 et
882 1202 984 1293 pretio
998 1220 1029 1269 et
1043 1228 1105 1271 um

55 1323 83 1373 et
97 1307 165 1375 soto
179 1325 392 1397 comparetur,
401 1324 440 1375 ut
448 1309 573 1376 ascetici
588 1305 804 1394 theologorum
815 1306 907 1393 libri,
921 1309 1105 1399 compendio

55 1427 82 1477 et
103 1427 279 1503 systemata
298 1412 449 1480 doctrine
468 1412 693 1504 concionesque
716 1410 900 1503 populares,
924 1436 997 1479 cnm
1017 1439 1104 1481 com·

56 1517 271 1585 montanis-in
288 1516 387 1583 libros
405 1518 528 1584 divinos
547 1519 680 1584 eruditis
695 1516 808 1602 Marii,
826 1517 979 1602 Merceri,
997 1517 1103 1606 Bezae,

56 1621 230 1706 Vitringoe',
244 1620 371 1706 Grotii,
385 1620 579 1713 aliorumque
594 1620 755 1703 similium.
771 1620 874 1689 Utiles
888 1620 960 1688 libri
978 1621 1025 1688 illi
1039 1647 1105 1692 esse

57 1741 185 1816 poscunt
204 1724 381 1814 imperitis,
401 1725 579 1808 tironibus3
592 1749 611 1791 a
625 1725 819 1793 doctioribus
835 1750 900 1792 nou
917 1751 1104 1817 magnopere
1184 1729 1190 1738 ’

10 1806 13 1839 ¹
57 1829 214 1917 legemur,
225 1845 257 1895 et
271 1829 537 1897 cum-auctoribus
548 1828 611 1898 fere
620 1830 811 1896 moriuntur.
828 1829 881 1896 Ex
890 1828 988 1897 altem
998 1850 1104 1898 autern

57 1933 272 2020 generelonge
286 1933 491 2023 priucepoest
505 1933 618 2001 lustru
636 1933 786 2023 Lipsius,
801 1957 865 2024 quo
876 1936 1009 2001 maxime
1022 1938 1104 2004 duce

57 2039 97 2104 uti
107 2039 250 2122 debent,
264 2039 322 2130 qui
333 2039 374 2105 ad
385 2037 532 2105 Tacitum
545 2036 712 2122 legendum
722 2039 886 2105 accedunt.
900 2039 985 2107 Huic
995 2042 1104 2130 proxi·

57 2165 119 2217 nus
132 2159 185 2211 est
200 2142 223 2208 J
224 2142 277 2213 oh.
289 2142 344 2208 Fr.
358 2141 556 2225 Gronovius,
569 2142 628 2233 qui
641 2145 759 2231 justum
769 2142 899 2233 quidem
913 2160 1122 2211 commento-¹

58 2247 216 2315 riumnon
227 2246 354 2337 scripeit
362 2299 372 2333 ,
385 2258 525 2313 ceterum
536 2246 639 2328 uotis,
656 2270 846 2338 quamquem
857 2247 984 2337 paucio,
1000 2248 1104 2339 pluri-

59 2375 141 2423 m·
149 2351 238 2421 lucis
248 2351 359 2418 Tacito
372 2351 508 2421 adiudit.
526 2350 637 2440 ltaque
649 2350 766 2422 horum
778 2357 868 2419 notas
881 2351 959 2418 huic
972 2354 1104 2420 editioni

59 2456 246 2529 audiuimus.
259 2455 406 2541 Magnum
415 2451 649 2521 etium-laudem
663 2454 774 2520 merito
786 2478 845 2523 suo
858 2457 1016 2523 consecuti
1031 2475 1105 2525 sunt
1167 2508 1171 2520 .

59 2560 212 2646 Piohena,
225 2560 255 2625 F
255 2558 569 2650 reinchemiusatque
580 2556 733 2647 Ryckius.
747 2557 810 2625 Sed
821 2568 931 2627 eorum
941 2577 1030 2627 notes
1042 2584 1106 2629 non
1243 2624 1245 2628 ,

58 2666 197 2756 sapiebat
208 2666 322 2731 modus¹
330 2663 491 2754 libri,qui
499 2663 659 2752 juventuti
670 2665 894 2731 destinabamur.
905 2665 950 2730 Et
958 2667 1103 2733 dedimus
1150 2729 1152 2734 .
1245 2713 1248 2718 -

57 2792 197 2859 operam,
216 2787 272 2853 ut,
293 2791 366 2861 quae
381 2768 429 2834 illi
449 2769 530 2835 bono
543 2768 680 2853 habent,
703 2770 737 2834 in
750 2770 861 2858 primis
874 2773 1045 2838 necessaria
1062 2774 1103 2839 ed

56 2891 134 2941 recte
144 2872 403 2960 intelligendum,
420 2874 659 2943 enotisnostr'is
669 2873 753 2958 ,sub
765 2891 989 2943 cerumtamen
1001 2879 1106 2943 notui*

56 2979 144 3046 uibus
154 2979 304 3064 cognosci
317 2995 442 3068 possent
457 3005 464 3041 :
481 2979 671 3071 quodetiam
686 2979 720 3044 iu
730 2977 867 3044 aliorum
879 2979 1109 3048 obseruatisie·

53 3083 152 3152 οὶιιιιιε
165 3113 173 3148 2
187 3084 442 3176 cenavimusquo,
458 3099 495 3150 ut
508 3085 628 3176 nequis
639 3100 854 3175 ceteramque
865 3084 899 3149 in
910 3085 1113 3170 editionibus,

53 3186 286 3257 Gronoviorum
297 3189 511 3279 reperiuntur,
527 3206 616 3257 notas
629 3211 814 3277 magnopere
833 3188 1006 3256 desiderare
1025 3215 1112 3280 poe-³

53 3308 96 3358 set
107 3320 114 3357 :
126 3294 162 3361 iu
177 3293 297 3385 quibus
311 3292 411 3361 nuta
427 3311 499 3361 sunt
510 3294 606 3361 hodie
618 3293 745 3389 uulgata
754 3325 765 3377 ,*
780 3300 865 3383 saepe
874 3293 966 3387 etiam
976 3294 1081 3385 inepta
1091 3344 1114 3380 ‚..

51 3396 208 3487 inprimis
220 3397 352 3465 innotis
366 3394 528 3484 satiauit,
543 3423 632 3492 φη»,
644 3399 698 3466 vix
712 3399 877 3488 adsequor,
888 3422 986 3489 quare
998 3400 1113 3486 dignm

52 3499 168 3569 habitae
192 3503 275 3586 sint,
294 3503 465 3593 quae-,istie
478 3503 675 3571 editionibusv
693 3503 916 3587 insererentur,
941 3516 1113 3583 comtem-

53 3628 134 3695 saepe
151 3605 212 3696 ipsi
230 3605 385 3672 Gronovii
404 3631 467 3695 pro·
479 3591 578 3692 gerris
597 3604 723 3688 siculis,
746 3604 987 3697 iabuiis,=pup'is
1007 3630 1112 3698 nepum

53 3710 149 3777 dicut„
167 3709 240 3776 vid.
256 3733 305 3777 cx.
323 3735 357 3782 c„
369 3710 442 3779 Joh.
462 3711 516 3778 Fr.
532 3711 688 3778 Ground
707 3709 795 3796 XII,
819 3715 871 3777 18.
884 3712 1111 3804 Iac-quidem

53 3811 151 3881 Gron'.
169 3817 209 3882 ad
229 3814 325 3898 ΧΠ,
341 3815 405 3899 33,
416 3815 525 3906 pleno,
542 3817 754 3887 Solirroricno
768 3822 894 3903 semper
911 3811 1113 3884 claudicant.

55 3935 87 3981 et
99 3923 208 4007 inepto
220 3937 304 3992 sunt,
320 3918 534 4011 Similiterque
549 3920 709 3987 interdum
718 3921 768 4003 =de
785 3921 1057 3989 noan-Venonii·
1068 3930 1113 4010 et}

894 4022 921 4074 d.
