<?xml version="1.0" encoding="UTF-8"?>
<!DOCTYPE html PUBLIC "-//W3C//DTD XHTML 1.0 Transitional//EN"
    "http://www.w3.org/TR/xhtml1/DTD/xhtml1-transitional.dtd">
<html xmlns="http://www.w3.org/1999/xhtml" xml:lang="en" lang="en">
 <head>
  <title>
</title>
<meta http-equiv="Content-Type" content="text/html;charset=utf-8" />
  <meta name='ocr-system' content='tesseract 3.04.00' />
  <meta name='ocr-capabilities' content='ocr_page ocr_carea ocr_par ocr_line ocrx_word'/>
</head>
<body>
  <div class='ocr_page' id='page_1' title='image "bibliothecaclas33lemagoog_0037.png"; bbox 0 0 2692 4824; ppageno 0'>
   <div class='ocr_carea' id='block_1_1' title="bbox 256 333 891 423">
    <p class='ocr_par' dir='ltr' id='par_1_1' title="bbox 256 333 891 423">
     <span class='ocr_line' id='line_1_1' title="bbox 256 333 891 423; baseline -0.003 -11"><span class='ocrx_word' id='word_1_1' title='bbox 256 364 299 423; x_wconf 73' lang='lat' dir='ltr'><strong>tur</strong></span> <span class='ocrx_word' id='word_1_2' title='bbox 653 333 891 410; x_wconf 75' lang='lat' dir='ltr'><strong>ERNESTI</strong></span> 
     </span>
    </p>
   </div>
   <div class='ocr_carea' id='block_1_2' title="bbox 255 459 1317 4088">
    <p class='ocr_par' dir='ltr' id='par_1_2' title="bbox 255 459 1317 4088">
     <span class='ocr_line' id='line_1_2' title="bbox 257 459 1296 554; baseline -0.003 -22"><span class='ocrx_word' id='word_1_3' title='bbox 257 469 315 532; x_wconf 83' lang='lat' dir='ltr'><strong>teri</strong></span> <span class='ocrx_word' id='word_1_4' title='bbox 325 465 408 554; x_wconf 89' lang='lat' dir='ltr'><strong>apud</strong></span> <span class='ocrx_word' id='word_1_5' title='bbox 420 459 698 528; x_wconf 83' lang='lat' dir='ltr'><strong>Montelalcouium</strong></span> <span class='ocrx_word' id='word_1_6' title='bbox 711 479 742 528; x_wconf 90' lang='lat' dir='ltr'><strong>et</strong></span> <span class='ocrx_word' id='word_1_7' title='bbox 755 461 1032 552; x_wconf 81' lang='lat' dir='ltr'><strong>Guelferbytanus.</strong></span> <span class='ocrx_word' id='word_1_8' title='bbox 1040 461 1296 529; x_wconf 82' lang='lat' dir='ltr'><strong>Farnesiauusli·</strong></span> 
     </span>
     <span class='ocr_line' id='line_1_3' title="bbox 257 565 1294 657; baseline -0.004 -22"><span class='ocrx_word' id='word_1_9' title='bbox 257 567 376 635; x_wconf 91' lang='lat' dir='ltr'><strong>bellum</strong></span> <span class='ocrx_word' id='word_1_10' title='bbox 384 569 424 633; x_wconf 93' lang='lat' dir='ltr'><strong>de</strong></span> <span class='ocrx_word' id='word_1_11' title='bbox 432 565 829 650; x_wconf 88' lang='lat' dir='ltr'><strong>oratoribushabuit,unde</strong></span> <span class='ocrx_word' id='word_1_12' title='bbox 842 571 868 632; x_wconf 93' lang='lat' dir='ltr'><strong>is</strong></span> <span class='ocrx_word' id='word_1_13' title='bbox 882 565 961 632; x_wconf 86' lang='lat' dir='ltr'><strong>liber</strong></span> <span class='ocrx_word' id='word_1_14' title='bbox 969 582 1123 632; x_wconf 89' lang='lat' dir='ltr'><strong>correctus</strong></span> <span class='ocrx_word' id='word_1_15' title='bbox 1132 567 1203 633; x_wconf 70' lang='lat' dir='ltr'><strong>esti</strong></span> <span class='ocrx_word' id='word_1_16' title='bbox 1213 567 1294 657; x_wconf 89' lang='lat' dir='ltr'><strong>Lip-</strong></span> 
     </span>
     <span class='ocr_line' id='line_1_4' title="bbox 257 670 1294 758; baseline -0.004 -18"><span class='ocrx_word' id='word_1_17' title='bbox 257 677 314 740; x_wconf 88' lang='lat' dir='ltr'><strong>sic.</strong></span> <span class='ocrx_word' id='word_1_18' title='bbox 326 673 388 739; x_wconf 85' lang='lat' dir='ltr'><strong>Sed</strong></span> <span class='ocrx_word' id='word_1_19' title='bbox 399 670 479 736; x_wconf 92' lang='lat' dir='ltr'><strong>illud</strong></span> <span class='ocrx_word' id='word_1_20' title='bbox 490 675 522 735; x_wconf 91' lang='lat' dir='ltr'><strong>in</strong></span> <span class='ocrx_word' id='word_1_21' title='bbox 534 674 643 758; x_wconf 87' lang='lat' dir='ltr'><strong>primis</strong></span> <span class='ocrx_word' id='word_1_22' title='bbox 656 671 787 755; x_wconf 90' lang='lat' dir='ltr'><strong>dignum</strong></span> <span class='ocrx_word' id='word_1_23' title='bbox 796 670 961 736; x_wconf 85' lang='lat' dir='ltr'><strong>observatu</strong></span> <span class='ocrx_word' id='word_1_24' title='bbox 972 686 1032 753; x_wconf 89' lang='lat' dir='ltr'><strong>est,</strong></span> <span class='ocrx_word' id='word_1_25' title='bbox 1047 670 1294 736; x_wconf 85' lang='lat' dir='ltr'><strong>animadversum</strong></span> 
     </span>
     <span class='ocr_line' id='line_1_5' title="bbox 259 772 1295 865; baseline -0.005 -21"><span class='ocrx_word' id='word_1_26' title='bbox 259 795 291 844; x_wconf 91' lang='lat' dir='ltr'><strong>et</strong></span> <span class='ocrx_word' id='word_1_27' title='bbox 299 781 333 843; x_wconf 93' lang='lat' dir='ltr'><strong>in</strong></span> <span class='ocrx_word' id='word_1_28' title='bbox 341 776 409 842; x_wconf 88' lang='lat' dir='ltr'><strong>aliis</strong></span> <span class='ocrx_word' id='word_1_29' title='bbox 417 774 506 841; x_wconf 89' lang='lat' dir='ltr'><strong>libris</strong></span> <span class='ocrx_word' id='word_1_30' title='bbox 515 827 523 857; x_wconf 89' lang='lat'><strong>,</strong></span> <span class='ocrx_word' id='word_1_31' title='bbox 532 774 618 863; x_wconf 90' lang='lat' dir='ltr'><strong>quod</strong></span> <span class='ocrx_word' id='word_1_32' title='bbox 627 795 731 838; x_wconf 90' lang='lat' dir='ltr'><strong>omnes</strong></span> <span class='ocrx_word' id='word_1_33' title='bbox 740 772 942 863; x_wconf 90' lang='lat' dir='ltr'><strong>scriptilibri,</strong></span> <span class='ocrx_word' id='word_1_34' title='bbox 952 797 968 838; x_wconf 91' lang='lat' dir='ltr'><strong>e</strong></span> <span class='ocrx_word' id='word_1_35' title='bbox 977 773 1095 865; x_wconf 88' lang='lat' dir='ltr'><strong>quibus</strong></span> <span class='ocrx_word' id='word_1_36' title='bbox 1103 775 1179 838; x_wconf 90' lang='lat' dir='ltr'><strong>editi</strong></span> <span class='ocrx_word' id='word_1_37' title='bbox 1188 774 1295 859; x_wconf 89' lang='lat' dir='ltr'><strong>ducti,</strong></span> 
     </span>
     <span class='ocr_line' id='line_1_6' title="bbox 258 877 1294 973; baseline -0.004 -25"><span class='ocrx_word' id='word_1_38' title='bbox 258 898 314 948; x_wconf 85' lang='lat' dir='ltr'><strong>aut</strong></span> <span class='ocrx_word' id='word_1_39' title='bbox 323 885 379 973; x_wconf 90' lang='lat' dir='ltr'><strong>qui</strong></span> <span class='ocrx_word' id='word_1_40' title='bbox 387 880 426 945; x_wconf 85' lang='lat' dir='ltr'><strong>ab</strong></span> <span class='ocrx_word' id='word_1_41' title='bbox 438 881 569 946; x_wconf 89' lang='lat' dir='ltr'><strong>eruditis</strong></span> <span class='ocrx_word' id='word_1_42' title='bbox 578 881 709 966; x_wconf 85' lang='lat' dir='ltr'><strong>inspecti</strong></span> <span class='ocrx_word' id='word_1_43' title='bbox 718 895 808 962; x_wconf 92' lang='lat' dir='ltr'><strong>sunt,</strong></span> <span class='ocrx_word' id='word_1_44' title='bbox 818 902 856 944; x_wconf 81' lang='lat' dir='ltr'><strong>ex</strong></span> <span class='ocrx_word' id='word_1_45' title='bbox 864 901 928 943; x_wconf 93' lang='lat' dir='ltr'><strong>uno</strong></span> <span class='ocrx_word' id='word_1_46' title='bbox 937 878 1043 943; x_wconf 88' lang='lat' dir='ltr'><strong>codice</strong></span> <span class='ocrx_word' id='word_1_47' title='bbox 1051 901 1157 943; x_wconf 92' lang='lat' dir='ltr'><strong>omnes</strong></span> <span class='ocrx_word' id='word_1_48' title='bbox 1165 877 1294 945; x_wconf 82' lang='lat' dir='ltr'><strong>fluxere.</strong></span> 
     </span>
     <span class='ocr_line' id='line_1_7' title="bbox 259 983 1294 1072; baseline -0.002 -20"><span class='ocrx_word' id='word_1_49' title='bbox 259 985 387 1052; x_wconf 87' lang='lat' dir='ltr'><strong>Monuit</strong></span> <span class='ocrx_word' id='word_1_50' title='bbox 400 986 438 1050; x_wconf 92' lang='lat' dir='ltr'><strong>de</strong></span> <span class='ocrx_word' id='word_1_51' title='bbox 452 1008 487 1049; x_wconf 92' lang='lat' dir='ltr'><strong>eo</strong></span> <span class='ocrx_word' id='word_1_52' title='bbox 497 985 620 1048; x_wconf 90' lang='lat' dir='ltr'><strong>dudum</strong></span> <span class='ocrx_word' id='word_1_53' title='bbox 629 984 659 1048; x_wconf 86' lang='lat' dir='ltr'><strong>J.</strong></span> <span class='ocrx_word' id='word_1_54' title='bbox 674 983 725 1049; x_wconf 89' lang='lat' dir='ltr'><strong>Fr.</strong></span> <span class='ocrx_word' id='word_1_55' title='bbox 739 983 918 1049; x_wconf 82' lang='lat' dir='ltr'><strong>Gronovius</strong></span> <span class='ocrx_word' id='word_1_56' title='bbox 933 984 1065 1050; x_wconf 80' lang='lat' dir='ltr'><strong>Observ.</strong></span> <span class='ocrx_word' id='word_1_57' title='bbox 1081 983 1102 1048; x_wconf 93' lang='lat' dir='ltr'><strong>l.</strong></span> <span class='ocrx_word' id='word_1_58' title='bbox 1116 983 1173 1067; x_wconf 88' lang='lat' dir='ltr'><strong>lv,</strong></span> <span class='ocrx_word' id='word_1_59' title='bbox 1188 1008 1220 1072; x_wconf 90' lang='lat' dir='ltr'><strong>p.</strong></span> <span class='ocrx_word' id='word_1_60' title='bbox 1235 988 1294 1068; x_wconf 76' lang='lat'><strong>30,</strong></span> 
     </span>
     <span class='ocr_line' id='line_1_8' title="bbox 259 1085 1296 1178; baseline -0.003 -22"><span class='ocrx_word' id='word_1_61' title='bbox 259 1113 298 1157; x_wconf 87' lang='lat' dir='ltr'><strong>ex</strong></span> <span class='ocrx_word' id='word_1_62' title='bbox 312 1089 379 1154; x_wconf 86' lang='lat' dir='ltr'><strong>loco</strong></span> <span class='ocrx_word' id='word_1_63' title='bbox 399 1087 482 1154; x_wconf 91' lang='lat' dir='ltr'><strong>Hist.</strong></span> <span class='ocrx_word' id='word_1_64' title='bbox 502 1088 533 1152; x_wconf 93' lang='lat' dir='ltr'><strong>ll</strong></span> <span class='ocrx_word' id='word_1_65' title='bbox 544 1139 552 1171; x_wconf 92' lang='lat'><strong>,</strong></span> <span class='ocrx_word' id='word_1_66' title='bbox 572 1089 636 1172; x_wconf 86' lang='lat'><strong>98,</strong></span> <span class='ocrx_word' id='word_1_67' title='bbox 659 1086 717 1152; x_wconf 91' lang='lat' dir='ltr'><strong>ubi</strong></span> <span class='ocrx_word' id='word_1_68' title='bbox 739 1110 844 1154; x_wconf 90' lang='lat' dir='ltr'><strong>omnes</strong></span> <span class='ocrx_word' id='word_1_69' title='bbox 867 1085 961 1153; x_wconf 90' lang='lat' dir='ltr'>MSS.</span> <span class='ocrx_word' id='word_1_70' title='bbox 981 1092 1107 1176; x_wconf 87' lang='lat' dir='ltr'><strong>pariter,</strong></span> <span class='ocrx_word' id='word_1_71' title='bbox 1127 1088 1227 1178; x_wconf 85' lang='lat' dir='ltr'><strong>atque</strong></span> <span class='ocrx_word' id='word_1_72' title='bbox 1242 1087 1296 1153; x_wconf 88' lang='lat' dir='ltr'><strong>tali</strong></span> 
     </span>
     <span class='ocr_line' id='line_1_9' title="bbox 256 1189 1296 1281; baseline -0.005 -20"><span class='ocrx_word' id='word_1_73' title='bbox 256 1196 350 1262; x_wconf 85' lang='lat' dir='ltr'><strong>modo</strong></span> <span class='ocrx_word' id='word_1_74' title='bbox 364 1194 521 1281; x_wconf 89' lang='lat' dir='ltr'><strong>depravati</strong></span> <span class='ocrx_word' id='word_1_75' title='bbox 536 1207 609 1256; x_wconf 91' lang='lat' dir='ltr'><strong>sunt</strong></span> <span class='ocrx_word' id='word_1_76' title='bbox 617 1243 626 1276; x_wconf 99' lang='lat'><strong>,</strong></span> <span class='ocrx_word' id='word_1_77' title='bbox 641 1207 678 1256; x_wconf 89' lang='lat' dir='ltr'><strong>ut</strong></span> <span class='ocrx_word' id='word_1_78' title='bbox 691 1189 870 1279; x_wconf 86' lang='lat' dir='ltr'><strong>planissime</strong></span> <span class='ocrx_word' id='word_1_79' title='bbox 884 1207 1045 1280; x_wconf 86' lang='lat' dir='ltr'><strong>appareat,</strong></span> <span class='ocrx_word' id='word_1_80' title='bbox 1063 1214 1130 1256; x_wconf 88' lang='lat' dir='ltr'><strong>eam</strong></span> <span class='ocrx_word' id='word_1_81' title='bbox 1149 1191 1296 1280; x_wconf 87' lang='lat' dir='ltr'><strong>deprava-</strong></span> 
     </span>
     <span class='ocr_line' id='line_1_10' title="bbox 255 1294 1297 1380; baseline -0.004 -14"><span class='ocrx_word' id='word_1_82' title='bbox 255 1304 372 1366; x_wconf 81' lang='lat' dir='ltr'><strong>tionem</strong></span> <span class='ocrx_word' id='word_1_83' title='bbox 385 1300 441 1362; x_wconf 89' lang='lat' dir='ltr'><strong>uni</strong></span> <span class='ocrx_word' id='word_1_84' title='bbox 454 1295 536 1361; x_wconf 92' lang='lat' dir='ltr'><strong>libro</strong></span> <span class='ocrx_word' id='word_1_85' title='bbox 549 1295 667 1360; x_wconf 90' lang='lat' dir='ltr'><strong>deberi.</strong></span> <span class='ocrx_word' id='word_1_86' title='bbox 685 1295 746 1361; x_wconf 87' lang='lat' dir='ltr'><strong>Sed</strong></span> <span class='ocrx_word' id='word_1_87' title='bbox 762 1297 868 1361; x_wconf 89' lang='lat' dir='ltr'><strong>eadem</strong></span> <span class='ocrx_word' id='word_1_88' title='bbox 880 1318 927 1360; x_wconf 89' lang='lat' dir='ltr'><strong>res</strong></span> <span class='ocrx_word' id='word_1_89' title='bbox 946 1294 1131 1380; x_wconf 85' lang='lat' dir='ltr'><strong>intelligitur</strong></span> <span class='ocrx_word' id='word_1_90' title='bbox 1149 1301 1243 1360; x_wconf 89' lang='lat' dir='ltr'><strong>etiam</strong></span> <span class='ocrx_word' id='word_1_91' title='bbox 1260 1319 1297 1362; x_wconf 83' lang='lat' dir='ltr'><strong>ex</strong></span> 
     </span>
     <span class='ocr_line' id='line_1_11' title="bbox 258 1398 1295 1488; baseline -0.002 -22"><span class='ocrx_word' id='word_1_92' title='bbox 258 1399 328 1468; x_wconf 90' lang='lat' dir='ltr'><strong>aliis</strong></span> <span class='ocrx_word' id='word_1_93' title='bbox 337 1399 429 1483; x_wconf 88' lang='lat' dir='ltr'><strong>locis,</strong></span> <span class='ocrx_word' id='word_1_94' title='bbox 441 1404 474 1464; x_wconf 89' lang='lat' dir='ltr'><strong>iu</strong></span> <span class='ocrx_word' id='word_1_95' title='bbox 488 1403 595 1487; x_wconf 89' lang='lat' dir='ltr'><strong>primis</strong></span> <span class='ocrx_word' id='word_1_96' title='bbox 605 1402 659 1481; x_wconf 93' lang='lat' dir='ltr'><strong>iis,</strong></span> <span class='ocrx_word' id='word_1_97' title='bbox 676 1403 708 1463; x_wconf 92' lang='lat' dir='ltr'><strong>in</strong></span> <span class='ocrx_word' id='word_1_98' title='bbox 721 1398 840 1488; x_wconf 87' lang='lat' dir='ltr'><strong>quibus</strong></span> <span class='ocrx_word' id='word_1_99' title='bbox 848 1402 1101 1487; x_wconf 88' lang='lat' dir='ltr'><strong>transpositiones</strong></span> <span class='ocrx_word' id='word_1_100' title='bbox 1112 1403 1295 1487; x_wconf 88' lang='lat' dir='ltr'><strong>paginarum</strong></span> 
     </span>
     <span class='ocr_line' id='line_1_12' title="bbox 259 1493 1297 1592; baseline -0.002 -21"><span class='ocrx_word' id='word_1_101' title='bbox 259 1507 368 1588; x_wconf 81' lang='lat' dir='ltr'><strong>lactae,</strong></span> <span class='ocrx_word' id='word_1_102' title='bbox 384 1503 434 1569; x_wconf 87' lang='lat' dir='ltr'><strong>vel</strong></span> <span class='ocrx_word' id='word_1_103' title='bbox 449 1493 575 1592; x_wconf 75' lang='lat' dir='ltr'><strong>¹librarii</strong></span> <span class='ocrx_word' id='word_1_104' title='bbox 595 1501 645 1567; x_wconf 88' lang='lat' dir='ltr'><strong>vel</strong></span> <span class='ocrx_word' id='word_1_105' title='bbox 664 1501 835 1591; x_wconf 82' lang='lat' dir='ltr'><strong>bibliopegi</strong></span> <span class='ocrx_word' id='word_1_106' title='bbox 857 1505 953 1585; x_wconf 91' lang='lat' dir='ltr'><strong>vitio,</strong></span> <span class='ocrx_word' id='word_1_107' title='bbox 973 1507 1007 1567; x_wconf 89' lang='lat' dir='ltr'><strong>in</strong></span> <span class='ocrx_word' id='word_1_108' title='bbox 1025 1503 1130 1569; x_wconf 92' lang='lat' dir='ltr'><strong>codice</strong></span> <span class='ocrx_word' id='word_1_109' title='bbox 1149 1502 1203 1569; x_wconf 92' lang='lat' dir='ltr'><strong>illo</strong></span> <span class='ocrx_word' id='word_1_110' title='bbox 1217 1506 1297 1569; x_wconf 80' lang='lat' dir='ltr'><strong>&#39;anti-</strong></span> 
     </span>
     <span class='ocr_line' id='line_1_13' title="bbox 260 1589 1295 1702; baseline -0.004 -26"><span class='ocrx_word' id='word_1_111' title='bbox 260 1589 375 1702; x_wconf 47' lang='lat' dir='ltr'><strong>quiorii</strong></span> <span class='ocrx_word' id='word_1_112' title='bbox 396 1608 477 1673; x_wconf 84' lang='lat' dir='ltr'><strong>Nam</strong></span> <span class='ocrx_word' id='word_1_113' title='bbox 494 1630 538 1674; x_wconf 81' lang='lat' dir='ltr'><strong>eae</strong></span> <span class='ocrx_word' id='word_1_114' title='bbox 553 1611 587 1671; x_wconf 92' lang='lat' dir='ltr'><strong>in</strong></span> <span class='ocrx_word' id='word_1_115' title='bbox 602 1606 747 1673; x_wconf 90' lang='lat' dir='ltr'><strong>omnibus</strong></span> <span class='ocrx_word' id='word_1_116' title='bbox 768 1605 862 1673; x_wconf 88' lang='lat' dir='ltr'><strong>MSS.</strong></span> <span class='ocrx_word' id='word_1_117' title='bbox 882 1623 1067 1673; x_wconf 76' lang='lat' dir='ltr'><strong>conservatae</strong></span> <span class='ocrx_word' id='word_1_118' title='bbox 1086 1610 1295 1695; x_wconf 86' lang='lat' dir='ltr'><strong>reperiuntur.</strong></span> 
     </span>
     <span class='ocr_line' id='line_1_14' title="bbox 260 1710 1296 1796; baseline 0 -18"><span class='ocrx_word' id='word_1_119' title='bbox 260 1711 304 1779; x_wconf 84' lang='lat' dir='ltr'><strong>V.</strong></span> <span class='ocrx_word' id='word_1_120' title='bbox 320 1714 359 1778; x_wconf 86' lang='lat' dir='ltr'><strong>ad</strong></span> <span class='ocrx_word' id='word_1_121' title='bbox 370 1712 412 1778; x_wconf 89' lang='lat' dir='ltr'><strong>H.</strong></span> <span class='ocrx_word' id='word_1_122' title='bbox 428 1712 478 1777; x_wconf 92' lang='lat' dir='ltr'><strong>III</strong></span> <span class='ocrx_word' id='word_1_123' title='bbox 486 1764 495 1796; x_wconf 94' lang='lat'><strong>,</strong></span> <span class='ocrx_word' id='word_1_124' title='bbox 512 1710 612 1794; x_wconf 84' lang='lat'><strong>5,65.</strong></span> <span class='ocrx_word' id='word_1_125' title='bbox 627 1711 720 1778; x_wconf 92' lang='lat' dir='ltr'><strong>Unde</strong></span> <span class='ocrx_word' id='word_1_126' title='bbox 731 1735 793 1776; x_wconf 89' lang='lat' dir='ltr'><strong>non</strong></span> <span class='ocrx_word' id='word_1_127' title='bbox 804 1735 866 1777; x_wconf 86' lang='lat' dir='ltr'><strong>una</strong></span> <span class='ocrx_word' id='word_1_128' title='bbox 880 1713 1052 1778; x_wconf 89' lang='lat' dir='ltr'><strong>observatio</strong></span> <span class='ocrx_word' id='word_1_129' title='bbox 1065 1715 1213 1796; x_wconf 90' lang='lat' dir='ltr'><strong>nascitur,</strong></span> <span class='ocrx_word' id='word_1_130' title='bbox 1228 1727 1296 1778; x_wconf 87' lang='lat' dir='ltr'><strong>stn-</strong></span> 
     </span>
     <span class='ocr_line' id='line_1_15' title="bbox 260 1814 1299 1903; baseline -0.007 -17"><span class='ocrx_word' id='word_1_131' title='bbox 260 1819 355 1886; x_wconf 89' lang='lat' dir='ltr'><strong>diosis</strong></span> <span class='ocrx_word' id='word_1_132' title='bbox 370 1822 444 1883; x_wconf 87' lang='lat' dir='ltr'><strong>artis</strong></span> <span class='ocrx_word' id='word_1_133' title='bbox 464 1819 580 1881; x_wconf 80' lang='lat' dir='ltr'><strong>criticae</strong></span> <span class='ocrx_word' id='word_1_134' title='bbox 600 1818 850 1882; x_wconf 89' lang='lat' dir='ltr'><strong>commendanda.</strong></span> <span class='ocrx_word' id='word_1_135' title='bbox 866 1816 947 1882; x_wconf 88' lang='lat' dir='ltr'><strong>Nam</strong></span> <span class='ocrx_word' id='word_1_136' title='bbox 961 1820 1099 1903; x_wconf 84' lang='lat' dir='ltr'><strong>primum</strong></span> <span class='ocrx_word' id='word_1_137' title='bbox 1115 1814 1189 1880; x_wconf 90' lang='lat' dir='ltr'><strong>hinc</strong></span> <span class='ocrx_word' id='word_1_138' title='bbox 1208 1814 1299 1881; x_wconf 92' lang='lat' dir='ltr'><strong>intel-</strong></span> 
     </span>
     <span class='ocr_line' id='line_1_16' title="bbox 256 1919 1298 2012; baseline -0.005 -22"><span class='ocrx_word' id='word_1_139' title='bbox 256 1920 380 2010; x_wconf 82' lang='lat' dir='ltr'><strong>ligitur,</strong></span> <span class='ocrx_word' id='word_1_140' title='bbox 395 1944 500 1988; x_wconf 89' lang='lat' dir='ltr'><strong>omnes</strong></span> <span class='ocrx_word' id='word_1_141' title='bbox 513 1924 675 1988; x_wconf 84' lang='lat' dir='ltr'><strong>varietates</strong></span> <span class='ocrx_word' id='word_1_142' title='bbox 686 1919 872 2005; x_wconf 88' lang='lat' dir='ltr'><strong>lectionum,</strong></span> <span class='ocrx_word' id='word_1_143' title='bbox 887 1945 964 2012; x_wconf 89' lang='lat' dir='ltr'><strong>quas</strong></span> <span class='ocrx_word' id='word_1_144' title='bbox 978 1944 994 1986; x_wconf 93' lang='lat' dir='ltr'><strong>e</strong></span> <span class='ocrx_word' id='word_1_145' title='bbox 1008 1919 1098 1985; x_wconf 91' lang='lat' dir='ltr'><strong>libris</strong></span> <span class='ocrx_word' id='word_1_146' title='bbox 1109 1923 1233 2008; x_wconf 90' lang='lat' dir='ltr'><strong>scriptis</strong></span> <span class='ocrx_word' id='word_1_147' title='bbox 1244 1944 1298 1986; x_wconf 92' lang='lat' dir='ltr'><strong>no·</strong></span> 
     </span>
     <span class='ocr_line' id='line_1_17' title="bbox 260 2021 1300 2114; baseline -0.005 -20"><span class='ocrx_word' id='word_1_148' title='bbox 260 2043 339 2095; x_wconf 86' lang='lat' dir='ltr'><strong>tatas</strong></span> <span class='ocrx_word' id='word_1_149' title='bbox 359 2025 528 2108; x_wconf 87' lang='lat' dir='ltr'><strong>habemus,</strong></span> <span class='ocrx_word' id='word_1_150' title='bbox 549 2028 674 2113; x_wconf 89' lang='lat' dir='ltr'><strong>proprie</strong></span> <span class='ocrx_word' id='word_1_151' title='bbox 693 2046 758 2089; x_wconf 91' lang='lat' dir='ltr'><strong>esse</strong></span> <span class='ocrx_word' id='word_1_152' title='bbox 778 2028 940 2114; x_wconf 85' lang='lat' dir='ltr'><strong>varietates</strong></span> <span class='ocrx_word' id='word_1_153' title='bbox 955 2027 1052 2088; x_wconf 90' lang='lat' dir='ltr'><strong>unius</strong></span> <span class='ocrx_word' id='word_1_154' title='bbox 1073 2021 1222 2111; x_wconf 85' lang='lat' dir='ltr'><strong>exempli,</strong></span> <span class='ocrx_word' id='word_1_155' title='bbox 1237 2046 1300 2089; x_wconf 92' lang='lat' dir='ltr'><strong>non</strong></span> 
     </span>
     <span class='ocr_line' id='line_1_18' title="bbox 260 2125 1298 2219; baseline -0.002 -24"><span class='ocrx_word' id='word_1_156' title='bbox 260 2129 420 2219; x_wconf 89' lang='lat' dir='ltr'><strong>plurium,</strong></span> <span class='ocrx_word' id='word_1_157' title='bbox 436 2133 493 2218; x_wconf 90' lang='lat' dir='ltr'><strong>qui</strong></span> <span class='ocrx_word' id='word_1_158' title='bbox 506 2151 544 2192; x_wconf 83' lang='lat' dir='ltr'><strong>ex</strong></span> <span class='ocrx_word' id='word_1_159' title='bbox 557 2131 624 2216; x_wconf 90' lang='lat' dir='ltr'><strong>ipso</strong></span> <span class='ocrx_word' id='word_1_160' title='bbox 640 2125 804 2207; x_wconf 55' lang='lat' dir='ltr'><strong>&amp;merium</strong></span> <span class='ocrx_word' id='word_1_161' title='bbox 817 2128 976 2193; x_wconf 84' lang='lat' dir='ltr'><strong>fluxerint.</strong></span> <span class='ocrx_word' id='word_1_162' title='bbox 992 2128 1085 2194; x_wconf 89' lang='lat' dir='ltr'><strong>Unde</strong></span> <span class='ocrx_word' id='word_1_163' title='bbox 1096 2129 1130 2191; x_wconf 89' lang='lat' dir='ltr'><strong>lit</strong></span> <span class='ocrx_word' id='word_1_164' title='bbox 1143 2129 1298 2210; x_wconf 80' lang='lat' dir='ltr'><strong>secuudo,</strong></span> 
     </span>
     <span class='ocr_line' id='line_1_19' title="bbox 259 2228 1298 2320; baseline -0.003 -20"><span class='ocrx_word' id='word_1_165' title='bbox 259 2249 298 2300; x_wconf 82' lang='lat' dir='ltr'><strong>ut</strong></span> <span class='ocrx_word' id='word_1_166' title='bbox 317 2231 463 2297; x_wconf 91' lang='lat' dir='ltr'><strong>omnibus</strong></span> <span class='ocrx_word' id='word_1_167' title='bbox 476 2229 637 2296; x_wconf 87' lang='lat' dir='ltr'><strong>codicibus</strong></span> <span class='ocrx_word' id='word_1_168' title='bbox 652 2231 865 2318; x_wconf 83' lang='lat' dir='ltr'><strong>comparandis</strong></span> <span class='ocrx_word' id='word_1_169' title='bbox 880 2228 961 2295; x_wconf 91' lang='lat' dir='ltr'><strong>nihil</strong></span> <span class='ocrx_word' id='word_1_170' title='bbox 978 2231 1065 2296; x_wconf 86' lang='lat' dir='ltr'><strong>aliud</strong></span> <span class='ocrx_word' id='word_1_171' title='bbox 1083 2231 1164 2296; x_wconf 84' lang='lat' dir='ltr'><strong>effici</strong></span> <span class='ocrx_word' id='word_1_172' title='bbox 1181 2237 1298 2320; x_wconf 83' lang='lat' dir='ltr'><strong>possit,</strong></span> 
     </span>
     <span class='ocr_line' id='line_1_20' title="bbox 263 2332 1300 2426; baseline 0.002 -26"><span class='ocrx_word' id='word_1_173' title='bbox 263 2356 359 2426; x_wconf 90' lang='lat' dir='ltr'><strong>quam</strong></span> <span class='ocrx_word' id='word_1_174' title='bbox 371 2351 429 2418; x_wconf 86' lang='lat' dir='ltr'><strong>ut,</strong></span> <span class='ocrx_word' id='word_1_175' title='bbox 445 2335 525 2425; x_wconf 86' lang='lat' dir='ltr'><strong>quid</strong></span> <span class='ocrx_word' id='word_1_176' title='bbox 538 2336 571 2397; x_wconf 90' lang='lat' dir='ltr'><strong>in</strong></span> <span class='ocrx_word' id='word_1_177' title='bbox 585 2356 648 2398; x_wconf 89' lang='lat' dir='ltr'><strong>uno</strong></span> <span class='ocrx_word' id='word_1_178' title='bbox 663 2332 717 2398; x_wconf 94' lang='lat' dir='ltr'><strong>illo</strong></span> <span class='ocrx_word' id='word_1_179' title='bbox 732 2334 926 2423; x_wconf 88' lang='lat' dir='ltr'><strong>apographo,</strong></span> <span class='ocrx_word' id='word_1_180' title='bbox 943 2335 1027 2400; x_wconf 92' lang='lat' dir='ltr'><strong>unde</strong></span> <span class='ocrx_word' id='word_1_181' title='bbox 1047 2338 1070 2399; x_wconf 95' lang='lat' dir='ltr'><strong>ii</strong></span> <span class='ocrx_word' id='word_1_182' title='bbox 1090 2358 1217 2419; x_wconf 89' lang='lat' dir='ltr'><strong>venere,</strong></span> <span class='ocrx_word' id='word_1_183' title='bbox 1232 2336 1300 2402; x_wconf 85' lang='lat' dir='ltr'><strong>fue-</strong></span> 
     </span>
     <span class='ocr_line' id='line_1_21' title="bbox 261 2436 1304 2527; baseline 0.001 -21"><span class='ocrx_word' id='word_1_184' title='bbox 261 2443 322 2522; x_wconf 83' lang='lat' dir='ltr'><strong>rit,</strong></span> <span class='ocrx_word' id='word_1_185' title='bbox 337 2441 540 2503; x_wconf 87' lang='lat' dir='ltr'><strong>inveniamus.</strong></span> <span class='ocrx_word' id='word_1_186' title='bbox 556 2436 644 2502; x_wconf 90' lang='lat' dir='ltr'><strong>Hanc</strong></span> <span class='ocrx_word' id='word_1_187' title='bbox 662 2441 756 2504; x_wconf 83' lang='lat' dir='ltr'><strong>tertio</strong></span> <span class='ocrx_word' id='word_1_188' title='bbox 775 2461 913 2506; x_wconf 86' lang='lat' dir='ltr'><strong>caussam</strong></span> <span class='ocrx_word' id='word_1_189' title='bbox 931 2463 995 2506; x_wconf 90' lang='lat' dir='ltr'><strong>esse</strong></span> <span class='ocrx_word' id='word_1_190' title='bbox 1014 2443 1180 2527; x_wconf 86' lang='lat' dir='ltr'><strong>paucitatis</strong></span> <span class='ocrx_word' id='word_1_191' title='bbox 1196 2439 1304 2507; x_wconf 90' lang='lat' dir='ltr'><strong>lectio-</strong></span> 
     </span>
     <span class='ocr_line' id='line_1_22' title="bbox 261 2540 1303 2639; baseline 0.005 -31"><span class='ocrx_word' id='word_1_192' title='bbox 261 2564 339 2608; x_wconf 90' lang='lat' dir='ltr'><strong>num</strong></span> <span class='ocrx_word' id='word_1_193' title='bbox 348 2545 551 2639; x_wconf 78' lang='lat' dir='ltr'><strong>variantium,</strong></span> <span class='ocrx_word' id='word_1_194' title='bbox 563 2558 657 2632; x_wconf 88' lang='lat' dir='ltr'><strong>atque</strong></span> <span class='ocrx_word' id='word_1_195' title='bbox 666 2543 798 2607; x_wconf 83' lang='lat' dir='ltr'><strong>tandem</strong></span> <span class='ocrx_word' id='word_1_196' title='bbox 804 2540 1051 2633; x_wconf 86' lang='lat' dir='ltr'><strong>corruptelarum</strong></span> <span class='ocrx_word' id='word_1_197' title='bbox 1062 2560 1092 2609; x_wconf 91' lang='lat' dir='ltr'><strong>et</strong></span> <span class='ocrx_word' id='word_1_198' title='bbox 1102 2546 1303 2631; x_wconf 87' lang='lat' dir='ltr'><strong>mendorum,</strong></span> 
     </span>
     <span class='ocr_line' id='line_1_23' title="bbox 260 2643 1306 2738; baseline 0.001 -24"><span class='ocrx_word' id='word_1_199' title='bbox 260 2649 297 2715; x_wconf 86' lang='lat' dir='ltr'><strong>in</strong></span> <span class='ocrx_word' id='word_1_200' title='bbox 310 2647 419 2711; x_wconf 89' lang='lat' dir='ltr'><strong>Tacito</strong></span> <span class='ocrx_word' id='word_1_201' title='bbox 432 2643 645 2735; x_wconf 82' lang='lat' dir='ltr'><strong>reliquorum,</strong></span> <span class='ocrx_word' id='word_1_202' title='bbox 664 2650 698 2712; x_wconf 94' lang='lat' dir='ltr'><strong>in</strong></span> <span class='ocrx_word' id='word_1_203' title='bbox 712 2649 828 2738; x_wconf 91' lang='lat' dir='ltr'><strong>quibus</strong></span> <span class='ocrx_word' id='word_1_204' title='bbox 840 2648 955 2713; x_wconf 87' lang='lat' dir='ltr'><strong>frustra</strong></span> <span class='ocrx_word' id='word_1_205' title='bbox 966 2671 999 2713; x_wconf 89' lang='lat' dir='ltr'><strong>se</strong></span> <span class='ocrx_word' id='word_1_206' title='bbox 1010 2665 1170 2714; x_wconf 82' lang='lat' dir='ltr'><strong>exerceant</strong></span> <span class='ocrx_word' id='word_1_207' title='bbox 1180 2653 1306 2734; x_wconf 82' lang='lat' dir='ltr'><strong>ingenia</strong></span> 
     </span>
     <span class='ocr_line' id='line_1_24' title="bbox 263 2750 1307 2841; baseline 0.001 -24"><span class='ocrx_word' id='word_1_208' title='bbox 263 2753 401 2817; x_wconf 79' lang='lat' dir='ltr'><strong>virorum</strong></span> <span class='ocrx_word' id='word_1_209' title='bbox 413 2750 672 2815; x_wconf 89' lang='lat' dir='ltr'><strong>doctissimorum.</strong></span> <span class='ocrx_word' id='word_1_210' title='bbox 688 2750 771 2815; x_wconf 90' lang='lat' dir='ltr'><strong>Hinc</strong></span> <span class='ocrx_word' id='word_1_211' title='bbox 785 2773 878 2839; x_wconf 89' lang='lat' dir='ltr'><strong>porro</strong></span> <span class='ocrx_word' id='word_1_212' title='bbox 893 2751 1013 2816; x_wconf 89' lang='lat' dir='ltr'><strong>discent</strong></span> <span class='ocrx_word' id='word_1_213' title='bbox 1028 2755 1156 2841; x_wconf 87' lang='lat' dir='ltr'><strong>juvenes</strong></span> <span class='ocrx_word' id='word_1_214' title='bbox 1172 2753 1307 2818; x_wconf 87' lang='lat' dir='ltr'><strong>studiosi</strong></span> 
     </span>
     <span class='ocr_line' id='line_1_25' title="bbox 262 2851 1306 2945; baseline 0.004 -26"><span class='ocrx_word' id='word_1_215' title='bbox 262 2851 421 2919; x_wconf 88' lang='lat' dir='ltr'><strong>literarum</strong></span> <span class='ocrx_word' id='word_1_216' title='bbox 435 2869 465 2920; x_wconf 92' lang='lat' dir='ltr'><strong>et</strong></span> <span class='ocrx_word' id='word_1_217' title='bbox 488 2858 564 2918; x_wconf 90' lang='lat' dir='ltr'><strong>artis</strong></span> <span class='ocrx_word' id='word_1_218' title='bbox 585 2856 701 2920; x_wconf 85' lang='lat' dir='ltr'><strong>criticae</strong></span> <span class='ocrx_word' id='word_1_219' title='bbox 716 2860 851 2944; x_wconf 88' lang='lat' dir='ltr'><strong>(cujus,</strong></span> <span class='ocrx_word' id='word_1_220' title='bbox 873 2879 928 2940; x_wconf 90' lang='lat' dir='ltr'><strong>ego</strong></span> <span class='ocrx_word' id='word_1_221' title='bbox 943 2856 1115 2921; x_wconf 88' lang='lat' dir='ltr'><strong>identidem</strong></span> <span class='ocrx_word' id='word_1_222' title='bbox 1128 2878 1238 2921; x_wconf 88' lang='lat' dir='ltr'><strong>moneo</strong></span> <span class='ocrx_word' id='word_1_223' title='bbox 1253 2861 1306 2945; x_wconf 86' lang='lat' dir='ltr'><strong>ju-</strong></span> 
     </span>
     <span class='ocr_line' id='line_1_26' title="bbox 263 2955 1307 3051; baseline 0.003 -29"><span class='ocrx_word' id='word_1_224' title='bbox 263 2979 355 3024; x_wconf 84' lang='lat' dir='ltr'><strong>venes</strong></span> <span class='ocrx_word' id='word_1_225' title='bbox 363 3010 372 3042; x_wconf 94' lang='lat'><strong>,</strong></span> <span class='ocrx_word' id='word_1_226' title='bbox 381 2962 536 3024; x_wconf 91' lang='lat' dir='ltr'><strong>neminem</strong></span> <span class='ocrx_word' id='word_1_227' title='bbox 545 2955 636 3046; x_wconf 89' lang='lat' dir='ltr'><strong>plane</strong></span> <span class='ocrx_word' id='word_1_228' title='bbox 646 2961 826 3047; x_wconf 90' lang='lat' dir='ltr'><strong>imperitum</strong></span> <span class='ocrx_word' id='word_1_229' title='bbox 837 2981 901 3024; x_wconf 88' lang='lat' dir='ltr'><strong>esse</strong></span> <span class='ocrx_word' id='word_1_230' title='bbox 912 2957 1023 3024; x_wconf 90' lang='lat' dir='ltr'><strong>debere</strong></span> <span class='ocrx_word' id='word_1_231' title='bbox 1032 3012 1041 3043; x_wconf 97' lang='lat'><strong>,</strong></span> <span class='ocrx_word' id='word_1_232' title='bbox 1051 2963 1108 3051; x_wconf 88' lang='lat' dir='ltr'><strong>qui</strong></span> <span class='ocrx_word' id='word_1_233' title='bbox 1120 2982 1152 3025; x_wconf 92' lang='lat' dir='ltr'><strong>se</strong></span> <span class='ocrx_word' id='word_1_234' title='bbox 1161 2983 1223 3025; x_wconf 90' lang='lat' dir='ltr'><strong>non</strong></span> <span class='ocrx_word' id='word_1_235' title='bbox 1233 2961 1307 3025; x_wconf 90' lang='lat' dir='ltr'><strong>sub-</strong></span> 
     </span>
     <span class='ocr_line' id='line_1_27' title="bbox 261 3062 1308 3152; baseline -0.003 -20"><span class='ocrx_word' id='word_1_236' title='bbox 261 3063 337 3132; x_wconf 82' lang='lat' dir='ltr'><strong>inde</strong></span> <span class='ocrx_word' id='word_1_237' title='bbox 351 3066 484 3152; x_wconf 89' lang='lat' dir='ltr'><strong>turpiter</strong></span> <span class='ocrx_word' id='word_1_238' title='bbox 505 3062 597 3146; x_wconf 87' lang='lat' dir='ltr'><strong>dare,</strong></span> <span class='ocrx_word' id='word_1_239' title='bbox 619 3079 650 3128; x_wconf 90' lang='lat' dir='ltr'><strong>et</strong></span> <span class='ocrx_word' id='word_1_240' title='bbox 668 3067 766 3128; x_wconf 89' lang='lat' dir='ltr'><strong>risum</strong></span> <span class='ocrx_word' id='word_1_241' title='bbox 785 3066 904 3149; x_wconf 43' lang='lat' dir='ltr'><strong>,criticae</strong></span> <span class='ocrx_word' id='word_1_242' title='bbox 922 3068 967 3128; x_wconf 92' lang='lat' dir='ltr'><strong>rei</strong></span> <span class='ocrx_word' id='word_1_243' title='bbox 987 3068 1113 3152; x_wconf 89' lang='lat' dir='ltr'><strong>peritis,</strong></span> <span class='ocrx_word' id='word_1_244' title='bbox 1137 3079 1191 3128; x_wconf 86' lang='lat' dir='ltr'><strong>aut</strong></span> <span class='ocrx_word' id='word_1_245' title='bbox 1211 3063 1308 3131; x_wconf 89' lang='lat' dir='ltr'><strong>bilem</strong></span> 
     </span>
     <span class='ocr_line' id='line_1_28' title="bbox 264 3164 1309 3253; baseline 0.001 -21"><span class='ocrx_word' id='word_1_246' title='bbox 264 3189 387 3233; x_wconf 88' lang='lat' dir='ltr'><strong>movere</strong></span> <span class='ocrx_word' id='word_1_247' title='bbox 406 3165 523 3249; x_wconf 87' lang='lat' dir='ltr'><strong>velit),</strong></span> <span class='ocrx_word' id='word_1_248' title='bbox 546 3167 667 3232; x_wconf 90' lang='lat' dir='ltr'><strong>discent</strong></span> <span class='ocrx_word' id='word_1_249' title='bbox 689 3172 786 3252; x_wconf 91' lang='lat' dir='ltr'><strong>igitur</strong></span> <span class='ocrx_word' id='word_1_250' title='bbox 803 3167 896 3250; x_wconf 91' lang='lat' dir='ltr'><strong>hinc,</strong></span> <span class='ocrx_word' id='word_1_251' title='bbox 916 3171 1041 3253; x_wconf 81' lang='lat' dir='ltr'><strong>primo,</strong></span> <span class='ocrx_word' id='word_1_252' title='bbox 1061 3191 1135 3232; x_wconf 91' lang='lat' dir='ltr'><strong>cum</strong></span> <span class='ocrx_word' id='word_1_253' title='bbox 1157 3168 1196 3231; x_wconf 91' lang='lat' dir='ltr'><strong>de</strong></span> <span class='ocrx_word' id='word_1_254' title='bbox 1217 3164 1309 3233; x_wconf 88' lang='lat' dir='ltr'><strong>libris</strong></span> 
     </span>
     <span class='ocr_line' id='line_1_29' title="bbox 266 3271 1310 3362; baseline -0.001 -25"><span class='ocrx_word' id='word_1_255' title='bbox 266 3276 390 3359; x_wconf 89' lang='lat' dir='ltr'><strong>scriptis</strong></span> <span class='ocrx_word' id='word_1_256' title='bbox 400 3286 519 3354; x_wconf 87' lang='lat' dir='ltr'><strong>agatur,</strong></span> <span class='ocrx_word' id='word_1_257' title='bbox 530 3291 591 3334; x_wconf 91' lang='lat' dir='ltr'><strong>non</strong></span> <span class='ocrx_word' id='word_1_258' title='bbox 599 3285 665 3334; x_wconf 89' lang='lat' dir='ltr'><strong>tam</strong></span> <span class='ocrx_word' id='word_1_259' title='bbox 673 3271 844 3337; x_wconf 91' lang='lat' dir='ltr'><strong>videndum</strong></span> <span class='ocrx_word' id='word_1_260' title='bbox 853 3294 932 3355; x_wconf 91' lang='lat' dir='ltr'><strong>esse,</strong></span> <span class='ocrx_word' id='word_1_261' title='bbox 946 3295 1041 3362; x_wconf 89' lang='lat' dir='ltr'><strong>quam</strong></span> <span class='ocrx_word' id='word_1_262' title='bbox 1051 3271 1167 3336; x_wconf 86' lang='lat' dir='ltr'><strong>multos</strong></span> <span class='ocrx_word' id='word_1_263' title='bbox 1178 3293 1310 3336; x_wconf 88' lang='lat' dir='ltr'><strong>numero</strong></span> 
     </span>
     <span class='ocr_line' id='line_1_30' title="bbox 267 3371 1311 3465; baseline 0.002 -27"><span class='ocrx_word' id='word_1_264' title='bbox 267 3371 454 3456; x_wconf 85' lang='lat' dir='ltr'><strong>habeamus,</strong></span> <span class='ocrx_word' id='word_1_265' title='bbox 466 3374 518 3438; x_wconf 90' lang='lat' dir='ltr'><strong>sed</strong></span> <span class='ocrx_word' id='word_1_266' title='bbox 529 3397 623 3464; x_wconf 90' lang='lat' dir='ltr'><strong>qnam</strong></span> <span class='ocrx_word' id='word_1_267' title='bbox 632 3372 763 3457; x_wconf 90' lang='lat' dir='ltr'><strong>multos,</strong></span> <span class='ocrx_word' id='word_1_268' title='bbox 773 3378 829 3464; x_wconf 87' lang='lat' dir='ltr'><strong>qui</strong></span> <span class='ocrx_word' id='word_1_269' title='bbox 840 3374 927 3440; x_wconf 81' lang='lat' dir='ltr'><strong>velut</strong></span> <span class='ocrx_word' id='word_1_270' title='bbox 938 3380 988 3465; x_wconf 86' lang='lat' dir='ltr'><strong>jus</strong></span> <span class='ocrx_word' id='word_1_271' title='bbox 1000 3379 1157 3440; x_wconf 87' lang='lat' dir='ltr'><strong>sententiae</strong></span> <span class='ocrx_word' id='word_1_272' title='bbox 1170 3376 1311 3440; x_wconf 81' lang='lat' dir='ltr'><strong>dioendae</strong></span> 
     </span>
     <span class='ocr_line' id='line_1_31' title="bbox 267 3474 1312 3569; baseline 0.003 -29"><span class='ocrx_word' id='word_1_273' title='bbox 267 3474 420 3560; x_wconf 89' lang='lat' dir='ltr'><strong>habeant,</strong></span> <span class='ocrx_word' id='word_1_274' title='bbox 434 3501 507 3542; x_wconf 91' lang='lat' dir='ltr'><strong>cum</strong></span> <span class='ocrx_word' id='word_1_275' title='bbox 521 3477 718 3542; x_wconf 88' lang='lat' dir='ltr'><strong>delectionis</strong></span> <span class='ocrx_word' id='word_1_276' title='bbox 733 3475 867 3568; x_wconf 82' lang='lat' dir='ltr'><strong>alicujus</strong></span> <span class='ocrx_word' id='word_1_277' title='bbox 881 3481 1011 3544; x_wconf 85' lang='lat' dir='ltr'><strong>veritate</strong></span> <span class='ocrx_word' id='word_1_278' title='bbox 1026 3494 1193 3569; x_wconf 74' lang='lat' dir='ltr'><strong>quaeratur.</strong></span> <span class='ocrx_word' id='word_1_279' title='bbox 1208 3477 1312 3567; x_wconf 90' lang='lat' dir='ltr'><strong>Nam,</strong></span> 
     </span>
     <span class='ocr_line' id='line_1_32' title="bbox 267 3580 1315 3670; baseline 0.003 -26"><span class='ocrx_word' id='word_1_280' title='bbox 267 3581 295 3644; x_wconf 90' lang='lat' dir='ltr'><strong>si</strong></span> <span class='ocrx_word' id='word_1_281' title='bbox 308 3595 343 3644; x_wconf 94' lang='lat' dir='ltr'><strong>tu</strong></span> <span class='ocrx_word' id='word_1_282' title='bbox 359 3597 485 3645; x_wconf 89' lang='lat' dir='ltr'><strong>centum</strong></span> <span class='ocrx_word' id='word_1_283' title='bbox 503 3581 625 3647; x_wconf 90' lang='lat' dir='ltr'><strong>codices</strong></span> <span class='ocrx_word' id='word_1_284' title='bbox 647 3581 788 3670; x_wconf 88' lang='lat' dir='ltr'><strong>ejusdem</strong></span> <span class='ocrx_word' id='word_1_285' title='bbox 807 3580 879 3646; x_wconf 91' lang='lat' dir='ltr'><strong>libri</strong></span> <span class='ocrx_word' id='word_1_286' title='bbox 898 3580 1032 3664; x_wconf 91' lang='lat' dir='ltr'><strong>habeas,</strong></span> <span class='ocrx_word' id='word_1_287' title='bbox 1055 3605 1106 3646; x_wconf 91' lang='lat' dir='ltr'><strong>eos</strong></span> <span class='ocrx_word' id='word_1_288' title='bbox 1122 3597 1226 3646; x_wconf 90' lang='lat' dir='ltr'><strong>autem</strong></span> <span class='ocrx_word' id='word_1_289' title='bbox 1241 3605 1315 3647; x_wconf 87' lang='lat' dir='ltr'><strong>con-</strong></span> 
     </span>
     <span class='ocr_line' id='line_1_33' title="bbox 269 3683 1312 3775; baseline 0.002 -26"><span class='ocrx_word' id='word_1_290' title='bbox 269 3699 347 3766; x_wconf 87' lang='lat' dir='ltr'><strong>stet,</strong></span> <span class='ocrx_word' id='word_1_291' title='bbox 363 3706 402 3748; x_wconf 87' lang='lat' dir='ltr'><strong>ex</strong></span> <span class='ocrx_word' id='word_1_292' title='bbox 415 3706 479 3749; x_wconf 88' lang='lat' dir='ltr'><strong>uno</strong></span> <span class='ocrx_word' id='word_1_293' title='bbox 492 3683 670 3772; x_wconf 87' lang='lat' dir='ltr'><strong>apographo</strong></span> <span class='ocrx_word' id='word_1_294' title='bbox 685 3685 795 3749; x_wconf 90' lang='lat' dir='ltr'><strong>ductos</strong></span> <span class='ocrx_word' id='word_1_295' title='bbox 809 3707 891 3767; x_wconf 92' lang='lat' dir='ltr'><strong>esse,</strong></span> <span class='ocrx_word' id='word_1_296' title='bbox 907 3707 970 3749; x_wconf 93' lang='lat' dir='ltr'><strong>non</strong></span> <span class='ocrx_word' id='word_1_297' title='bbox 988 3688 1049 3749; x_wconf 90' lang='lat' dir='ltr'><strong>nisi</strong></span> <span class='ocrx_word' id='word_1_298' title='bbox 1066 3687 1160 3749; x_wconf 90' lang='lat' dir='ltr'><strong>unius</strong></span> <span class='ocrx_word' id='word_1_299' title='bbox 1171 3683 1247 3749; x_wconf 91' lang='lat' dir='ltr'><strong>libri</strong></span> <span class='ocrx_word' id='word_1_300' title='bbox 1259 3690 1312 3775; x_wconf 89' lang='lat' dir='ltr'><strong>jus</strong></span> 
     </span>
     <span class='ocr_line' id='line_1_34' title="bbox 267 3784 1317 3876; baseline 0 -23"><span class='ocrx_word' id='word_1_301' title='bbox 267 3799 300 3853; x_wconf 86' lang='lat' dir='ltr'><strong>et</strong></span> <span class='ocrx_word' id='word_1_302' title='bbox 320 3788 386 3851; x_wconf 88' lang='lat' dir='ltr'><strong>vim</strong></span> <span class='ocrx_word' id='word_1_303' title='bbox 406 3784 567 3852; x_wconf 87' lang='lat' dir='ltr'><strong>obtineant</strong></span> <span class='ocrx_word' id='word_1_304' title='bbox 586 3789 732 3852; x_wconf 88' lang='lat' dir='ltr'><strong>universi.</strong></span> <span class='ocrx_word' id='word_1_305' title='bbox 757 3785 828 3850; x_wconf 90' lang='lat' dir='ltr'><strong>Jam</strong></span> <span class='ocrx_word' id='word_1_306' title='bbox 845 3810 956 3875; x_wconf 88' lang='lat' dir='ltr'><strong>porro,</strong></span> <span class='ocrx_word' id='word_1_307' title='bbox 982 3810 1085 3853; x_wconf 87' lang='lat' dir='ltr'><strong>nonne</strong></span> <span class='ocrx_word' id='word_1_308' title='bbox 1107 3804 1235 3876; x_wconf 87' lang='lat' dir='ltr'><strong>apparet</strong></span> <span class='ocrx_word' id='word_1_309' title='bbox 1254 3788 1317 3854; x_wconf 86' lang='lat' dir='ltr'><strong>hoe</strong></span> 
     </span>
     <span class='ocr_line' id='line_1_35' title="bbox 269 3887 1316 3981; baseline 0.003 -25"><span class='ocrx_word' id='word_1_310' title='bbox 269 3887 427 3978; x_wconf 81' lang='lat' dir='ltr'><strong>exemplo,</strong></span> <span class='ocrx_word' id='word_1_311' title='bbox 448 3891 482 3956; x_wconf 93' lang='lat' dir='ltr'><strong>id</strong></span> <span class='ocrx_word' id='word_1_312' title='bbox 500 3890 586 3981; x_wconf 87' lang='lat' dir='ltr'><strong>qnod</strong></span> <span class='ocrx_word' id='word_1_313' title='bbox 605 3890 698 3955; x_wconf 89' lang='lat' dir='ltr'><strong>fidem</strong></span> <span class='ocrx_word' id='word_1_314' title='bbox 719 3890 865 3955; x_wconf 81' lang='lat' dir='ltr'><strong>excedere</strong></span> <span class='ocrx_word' id='word_1_315' title='bbox 878 3892 1030 3976; x_wconf 89' lang='lat' dir='ltr'><strong>videatur,</strong></span> <span class='ocrx_word' id='word_1_316' title='bbox 1046 3913 1155 3958; x_wconf 88' lang='lat' dir='ltr'><strong>manus</strong></span> <span class='ocrx_word' id='word_1_317' title='bbox 1170 3897 1316 3981; x_wconf 83' lang='lat' dir='ltr'><strong>quamvis</strong></span> 
     </span>
     <span class='ocr_line' id='line_1_36' title="bbox 268 3991 1317 4088; baseline 0.005 -31"><span class='ocrx_word' id='word_1_318' title='bbox 268 3991 385 4064; x_wconf 81' lang='lat' dir='ltr'><strong>multas</strong></span> <span class='ocrx_word' id='word_1_319' title='bbox 398 4016 459 4060; x_wconf 88' lang='lat' dir='ltr'><strong>nou</strong></span> <span class='ocrx_word' id='word_1_320' title='bbox 473 3995 566 4061; x_wconf 90' lang='lat' dir='ltr'><strong>modo</strong></span> <span class='ocrx_word' id='word_1_321' title='bbox 579 3997 762 4083; x_wconf 71' lang='lat' dir='ltr'><strong>sepissime,</strong></span> <span class='ocrx_word' id='word_1_322' title='bbox 778 4011 808 4060; x_wconf 87' lang='lat' dir='ltr'><strong>et</strong></span> <span class='ocrx_word' id='word_1_323' title='bbox 821 4009 906 4082; x_wconf 90' lang='lat' dir='ltr'><strong>toto,</strong></span> <span class='ocrx_word' id='word_1_324' title='bbox 926 3997 1012 4088; x_wconf 86' lang='lat' dir='ltr'><strong>quod</strong></span> <span class='ocrx_word' id='word_1_325' title='bbox 1026 3998 1131 4079; x_wconf 88' lang='lat' dir='ltr'><strong>aiunt,</strong></span> <span class='ocrx_word' id='word_1_326' title='bbox 1150 3993 1226 4063; x_wconf 81' lang='lat' dir='ltr'><strong>coelo</strong></span> <span class='ocrx_word' id='word_1_327' title='bbox 1249 3996 1317 4062; x_wconf 86' lang='lat' dir='ltr'><strong>dis·</strong></span> 
     </span>
    </p>
   </div>
   <div class='ocr_carea' id='block_1_3' title="bbox 0 0 1368 4824">
    <p class='ocr_par' dir='ltr' id='par_1_3' title="bbox 0 0 1368 4824">
     <span class='ocr_line' id='line_1_37' title="bbox 0 0 1368 4824; baseline 0 0"><span class='ocrx_word' id='word_1_328' title='bbox 0 0 1368 4824; x_wconf 95' lang='lat' dir='ltr'><strong> </strong></span> 
     </span>
    </p>
   </div>
  </div>
 </body>
</html>
