2692 4824
508 340 804 410 PRAEFATIO.
1113 345 1176 434 xvij

144 461 240 532 tirum
253 464 383 530 doctum
394 463 428 528 in
441 485 476 527 ea
487 462 582 547 urhe,
593 462 723 552 scripsi3
734 485 828 553 quem
841 459 1002 549 putabam,
1018 461 1130 530 idonea
1140 466 1180 531 dc

144 593 258 655 caussa,
281 591 347 635 rem
361 582 579 657 suscepturum
597 594 603 629 :
621 567 709 657 isque
729 566 803 632 fecit
819 566 941 650 omnia,
961 582 998 632 ut
1021 573 1090 658 ejus
1109 567 1183 634 libri

143 696 231 741 usum
244 674 323 741 mihi
344 675 543 762 impetraret3
566 672 619 737 scd
640 669 721 735 nihil
739 671 859 737 efficere
876 670 998 760 potuit,
1018 696 1092 738 cum
1111 696 1184 739 cum
1205 672 1208 678 ’

144 779 270 869 reperiri
283 803 302 843 a
315 801 347 843 se
360 776 499 866 potuisse
513 791 657 860 negaret,
671 775 728 865 qui
742 799 850 840 curam
864 774 1065 843 bibliothecae
1077 777 1184 844 habet.

113 921 116 931 ·
144 883 234 949 Fama
260 883 355 947 ctiam
377 881 533 973 quondam
559 880 620 944 luit
644 881 683 944 de
704 879 811 944 codice
834 880 964 971 antiquo
986 881 1107 965 Taciti,
1131 884 1186 973 qui

143 987 317 1072 Bambergae
331 988 512 1052 servaretur.
536 983 599 1049 Sed
621 983 732 1049 Franc.
753 983 899 1067 Medius,
922 1007 942 1048 a
959 983 1070 1073 Lipsio
1090 986 1129 1050 de
1151 1009 1188 1051 ec

143 1089 315 1174 consultus,
327 1088 486 1179 rescripsit
493 1094 531 1174 (t.
541 1088 573 1170 l,
586 1085 719 1152 Collect.
733 1112 805 1173 epp.
819 1089 932 1152 Burm.
942 1112 977 1174 p.
993 1091 1071 1176 107)
1081 1088 1189 1156 falsam

143 1195 225 1262 illam
240 1195 356 1260 famam
371 1217 456 1277 esse,
472 1192 712 1283 necquicquam
730 1191 776 1256 ibi
798 1190 948 1281 reperiri,
968 1192 1027 1257 nisi
1044 1216 1156 1281 paucas
1172 1220 1189 1261 e

143 1298 248 1366 libcllo
273 1299 314 1363 de
339 1297 478 1377 moribus
499 1295 726 1362 Germanorum
753 1293 912 1384 plagulas,
938 1317 1050 1386 easque
1072 1298 1190 1363 receuti

144 1427 236 1470 manu
253 1403 395 1492 scriptas.

173 1523 227 1576 Eas
238 1523 267 1574 in
277 1522 358 1592 Lipsii
367 1539 442 1573 usum
452 1538 478 1573 sc
488 1537 648 1591 comparasse
656 1515 747 1573 scribit
756 1518 869 1573 Modius.

186 1619 288 1686 Multi
305 1637 453 1710 praetcrea
466 1619 520 1685 alii
534 1622 658 1686 codices
678 1620 781 1686 adhuc
799 1619 898 1686 latent
919 1620 952 1684 in
970 1616 1189 1704 bibliothecis,

147 1728 285 1793 nondum
301 1725 439 1814 excerpti
454 1752 461 1786 z
475 1749 492 1790 e
506 1725 640 1816 quibus,
655 1748 717 1791 non
729 1725 859 1810 dubito,
874 1725 953 1816 quin
963 1722 1084 1814 aliquid
1099 1724 1191 1790 bonae

148 1830 244 1916 lrugis
256 1827 364 1913 colligi
373 1827 480 1916 possit.
492 1829 531 1892 ln
539 1828 632 1893 MSS.
643 1830 843 1893 bibliothecae
853 1829 1015 1894 Mediccoe
1026 1843 1088 1892 tres
1096 1851 1192 1893 mem-

149 1933 316 1999 branaceos
326 1932 556 1997 commemorari
566 1932 674 2015 video,
687 1930 726 1995 ab
739 1930 908 2021 antiquiori
918 1928 991 2013 illo,
1005 1953 1098 2021 quem
1110 1931 1194 1994 Lan—

149 2037 349 2122 gobardicum
363 2051 493 2120 vocant,
515 2036 671 2119 diversos,
691 2036 724 2099 in
746 2032 852 2123 pluteo
873 2035 937 2118 68,
959 2036 1043 2123 apud
1063 2036 1194 2100 eundern

151 2138 450 2221 Montefalcouium,
472 2163 505 2228 p.
528 2136 611 2228 374,
627 2138 773 2229 aquibus
787 2153 865 2228 puto
878 2160 941 2203 non
954 2139 1092 2203 diversos
1106 2161 1189 2220 csse,

151 2267 227 2335 quos
238 2243 377 2310 Pichena
385 2241 551 2333 aliquoties
564 2241 672 2308 laudat
684 2244 716 2308 in
731 2243 814 2319 uotis
826 2245 865 2309 ad
879 2243 1034 2308 Tacitum.
1049 2329 1053 2336 Ι

193 2347 310 2437 Repeti
327 2347 420 2412 etiam
431 2368 450 2413 a
463 2344 500 2411 P.
516 2346 656 2411 Victorio
671 2346 838 2436 antiquum
852 2348 991 2411 codicem
1002 2346 1105 2410 Taciti
1122 2346 1194 2414 Vc·

153 2467 259 2516 retum
276 2449 476 2516 bibliothece
496 2448 529 2515 S.
551 2449 653 2516 Marci
671 2449 811 2535 laudari,
834 2453 874 2516 ad
894 2450 960 2516 Cic.
980 2451 1042 2540 Ep.
1063 2450 1111 2534 ll,
1135 2472 1195 2534 12,

153 2579 247 2646 quem
263 2570 366 2621 tamen
379 2555 492 2620 frustra
505 2555 538 2620 in
552 2554 690 2640 catalogo
710 2555 805 2622 MSS.
829 2561 897 2646 ejus
918 2555 1134 2638 bibliothecae,
1157 2555 1196 2620 ab

155 2659 195 2726 ill.
207 2657 375 2749 Theupolo
385 2659 469 2725 edito
477 2711 485 2743 ,
494 2660 636 2751 quaesivi.
647 2659 727 2725 Nam
736 2662 842 2743 codex,
852 2662 908 2752 qui
917 2684 948 2725 n.
957 2658 1196 2725 CCCLXXXI

155 2763 335 2847 exhibetur,
358 2755 481 2854 luitque
502 2768 720 2846 Bessurt'ouis,
744 2789 771 2831 a.
795 2763 878 2846 1453
903 2767 1028 2830 demum
1050 2765 1198 2831 ssononiae

155 2869 290 2959 scriptus
305 2883 370 2950 cst,
387 2890 443 2933 nec
457 2867 597 2934 Victorio
617 2871 765 2960 antiquus
786 2870 890 2936 dictus
909 2870 1031 2935 suisset.
1052 2869 1200 2934 Ceterum

156 2972 213 3038 hoc
227 2973 358 3038 sortasse
370 2970 509 3060 exemplo
522 2973 662 3037 firmetur
673 2972 768 3057 fama,
781 2995 852 3063 quae
862 2974 901 3038 de
912 2973 1073 3038 codicibus
1083 2969 1198 3036 biblio·

159 3075 254 3142 thecae
268 3075 417 3158 Venetae,
439 3075 472 3140 in
486 3075 595 3165 primis
609 3099 646 3142 ex
660 3077 720 3160 iis,
742 3077 886 3162 traditur,
906 3077 963 3167 qui
984 3100 1002 3140 a
1024 3075 1201 3140 Bessarionc

159 3189 267 3246 nomeu
288 3178 441 3262 habuere,
463 3179 623 3244 subductis
644 3206 651 3242 ε
674 3181 713 3247 dc
732 3204 795 3270 qua
814 3180 938 3264 videat,
961 3179 1013 3243 cui
1028 3176 1137 3259 lubet,
1161 3177 1201 3241 li·

161 3282 249 3349 brum
266 3282 403 3348 Boerneri
423 3283 475 3348 τοῦ
487 3285 666 3366 μακαρίτου,
691 3284 730 3347 de
744 3282 863 3349 Graecis
878 3282 1037 3350 literarum
1057 3281 1090 3346 in
1112 3280 1202 3346 Italia
1290 3335 1292 3342 ,

99 3444 101 3455 .
163 3386 440 3469 instauratoribus,
457 3410 488 3474 p.
504 3388 559 3474 67,
574 3387 628 3452 68.
877 3460 880 3466 .

202 3493 288 3557 Inter
305 3491 427 3556 codices
442 3513 534 3579 porro
550 3487 793 3576 Ottohonianos,
810 3492 1045 3582 Neapolitanos,
1062 3490 1093 3555 S.
1109 3489 1203 3556 Joan·

164 3592 465 3675 nisiuCarhonaria,
477 3590 706 3658 Caesenatenses
714 3595 831 3677 ,Taciti
840 3594 915 3661 libri
926 3597 999 3662 inde
1008 3595 1047 3661 ab
1057 3594 1109 3660 XI
1117 3593 1201 3659 Anu.

136 3723 140 3732 ·
165 3698 369 3786 reperiuntur,
388 3695 440 3760 scd
455 3695 518 3766 lere
529 3696 707 3762 recentioris
719 3698 890 3786 scripturae.

206 3800 302 3866 Extat
316 3800 411 3865 etiam
424 3801 534 3866 codex
543 3798 613 3864 MS.
626 3800 874 3867 membranaceus
892 3802 926 3867 in
943 3804 1131 3868 bibliotheca
1143 3803 1204 3866 du·
1263 3827 1267 3834 ·

169 3901 223 3967 cdi
237 3904 502 3992 Guelferbytanae
508 3953 520 3982 ,
536 3908 627 3993 cujus
637 3903 715 3970 mihi
727 3930 803 3970 usus
813 3906 945 3990 henigne
958 3930 1120 3972 concessus
1131 3905 1204 3969 fuit.

172 4005 198 4071 ls
207 4006 266 4102 suit
280 4008 357 4075 olim
372 4007 408 4072 P.
425 4007 576 4094 Candidi,
590 4009 647 4099 qui
661 4032 715 4076 sua
728 4032 822 4076 manu
835 4011 868 4076 in
878 4009 959 4077 libro
972 4010 1111 4099 scripsit,
1123 4007 1162 4075 ab
1175 4030 1206 4076 se

279 4134 332 4176 4,
1017 4114 1033 4164 t
