2692 4824
517 342 807 414 PRAEFATIO.
1122 354 1176 441 xxj

150 465 255 530 sentire
267 462 484 554 inscriptura,
499 471 591 533 etiam
606 491 676 556 quae
688 491 725 534 ex
738 468 845 533 eodem
856 467 939 533 fonte
948 468 1042 534 ducta
1053 474 1110 553 sit,
1123 473 1177 537 sed

150 576 233 633 etiam
247 591 339 658 posse
349 594 384 634 ac
399 568 496 637 solere
504 576 538 636 in
547 572 653 636 eodem
665 594 765 637 errore
775 594 856 660 saepe
870 594 989 637 summa
999 577 1178 658 concordia,

147 677 227 762 quasi
243 697 282 738 ex
293 670 472 764 compacto,
492 676 686 741 consentire?
704 678 853 764 Dcuiqce
867 674 1024 743 luculento
1038 678 1180 768 exemplo

147 774 342 862 intelligitur,
359 802 454 870 quam
468 784 583 845 sitnon
597 780 689 844 modo
703 778 781 845 utile
791 781 831 844 ad
842 784 1010 869 puritatem
1021 787 1178 868 iutegrita·

146 895 267 972 temque
280 885 468 972 scriptorum
480 899 638 967 veterum,
657 886 820 950 sedetiam
841 889 1063 970 necessarium,
1081 885 1181 976 pluri·

145 1006 205 1050 mas
215 983 366 1053 lectiones
374 990 526 1052 variantes
535 1009 598 1053 csse
608 1003 639 1053 et
646 991 801 1078 conquiri.
813 987 850 1052 ln
860 986 948 1053 libris
959 1011 1012 1054 ser
1022 991 1181 1078 prioribus

145 1089 265 1174 Taciti,
288 1095 316 1156 si
329 1095 428 1156 varias
448 1090 593 1158 lectiones
613 1107 734 1156 tantum
753 1093 896 1158 codicum
915 1097 1101 1181 scriptorum
1118 1096 1183 1160 dis·

141 1215 232 1259 sensu
261 1198 468 1278 aestimamus,
492 1194 578 1260 nulla
597 1198 727 1260 varietas
751 1193 891 1261 lectionis
916 1212 979 1279 est,
1002 1199 1076 1287 quia
1096 1220 1182 1267 unus

142 1312 266 1362 tantum
276 1303 412 1388 scriptus
422 1298 500 1364 liber
514 1315 607 1366 extat.
619 1300 663 1365 At
674 1323 710 1364 ea
720 1304 786 1388 ipsa
795 1323 842 1365 res
857 1299 949 1383 lacit,
966 1303 1048 1366 sicut
1064 1304 1097 1366 in
1112 1300 1185 1368 aliis

142 1396 246 1485 libris,
264 1424 400 1493 quornm
415 1427 513 1468 unum
527 1420 648 1468 tantum
664 1402 840 1492 exemplum
852 1428 870 1470 e
882 1420 984 1469 vetere
996 1427 1062 1470 aevo
1071 1422 1180 1493 restat,

142 1506 228 1571 velut
245 1510 279 1571 in
292 1505 523 1592 Quinctiliano,
538 1509 718 1596 Propertio,
736 1523 772 1572 ut
787 1510 901 1596 sapius
914 1513 1037 1593 iugenio
1049 1509 1097 1575 vel
1108 1534 1181 1576 con·

142 1613 272 1697 jacturis
289 1613 407 1695 agenda
420 1636 467 1678 res
483 1617 541 1696 sit,
556 1636 650 1701 quam
669 1611 782 1678 vellent
797 1614 916 1696 critici,
937 1612 1045 1677 multis
1059 1619 1092 1678 in
1105 1613 1181 1680 locis

142 1711 228 1777 nulla
253 1730 346 1780 certae
369 1732 424 1780 aut
447 1715 616 1805 probabilis
641 1721 838 1783 correctionis
860 1739 915 1805 spe
938 1715 1053 1782 relicta.
1073 1719 1181 1809 Atque

142 1821 234 1882 etiam
249 1822 283 1883 in
296 1823 406 1885 ceteris
419 1818 507 1886 libris
519 1821 621 1887 Taciti
631 1819 738 1886 multis
750 1819 825 1885 locis
839 1823 942 1884 minus
953 1819 1180 1905 laboraremus,

144 1922 166 1984 si
185 1943 250 1986 non
268 1944 306 1986 ex
322 1924 430 1988 eodem
449 1923 625 2013 apographo
639 1946 743 1989 omnes
759 1924 880 1988 codices
893 1921 1054 1988 fluxissent
1070 1948 1077 1985 ε
1092 1924 1181 2014 quod

143 2026 175 2086 ni
189 2040 288 2108 esset,
303 2024 390 2091 haud
403 2025 508 2115 paullo
522 2026 629 2116 plnres
642 2025 783 2092 lectionis
797 2029 959 2091 varietates
978 2026 1179 2115 haberemus,

144 2123 229 2191 haud
238 2127 347 2217 paullo
357 2128 472 2221 melius
479 2132 658 2198 consultum
667 2132 777 2198 Tacito
785 2130 873 2195 foret.
888 2129 949 2194 Sed
963 2129 1047 2196 hunc
1059 2130 1177 2218 locum,

144 2232 207 2317 jam
220 2236 294 2297 satis
310 2249 474 2300 tractatum
490 2252 522 2300 et
535 2235 732 2326 explanatum
747 2259 764 2299 a
777 2232 940 2323 pluribus,
961 2237 994 2299 in
1009 2238 1180 2328 primisque

144 2357 161 2398 a
174 2360 286 2422 magno
301 2338 460 2425 Bentleio,
475 2345 509 2405 in
521 2340 617 2426 libro,
639 2341 756 2408 Collini
773 2338 935 2404 calumniis
948 2340 1092 2406 adversus
1108 2340 1182 2406 reli·

144 2444 266 2527 gionem
277 2442 477 2508 christianam
486 2448 629 2532 opposito
647 2445 817 2529 (francico,
829 2445 1038 2530 fiipounerie
1054 2447 1178 2530 inique,

144 2569 174 2632 p.
197 2548 304 2628 168);
327 2545 398 2630 hic,
416 2570 471 2634 per
485 2545 577 2611 talem
589 2550 798 2629 occasionem,
820 2545 953 2610 breviter
973 2550 1129 2634 repetiisse
1148 2562 1178 2611 et

142 2650 312 2716 inculcasse
327 2651 492 2734 studiosis,
507 2655 580 2716 satis
593 2652 771 2739 putavimus
784 2671 855 2714 esse.
872 2649 916 2713 Et
925 2648 992 2715 haec
1002 2651 1128 2741 quidem
1140 2652 1179 2715 de

145 2757 267 2841 scriptis
279 2752 369 2819 libris
382 2756 466 2819 dicta
480 2770 553 2819 sunt
568 2780 574 2816 ε
589 2755 628 2818 ad
644 2755 743 2818 editos
756 2755 928 2819 veniamus.

185 2856 315 2922 Primus
325 2863 464 2923 omnium
478 2859 581 2922 Taciti
594 2856 690 2923 libros
704 2856 803 2921 edidit
816 2856 892 2922 Jot.
911 2858 1085 2943 Spirensis,
1106 2859 1179 2926 inde

144 2959 195 3025 al.
210 2960 262 3024 Xl
280 2961 363 3027 Ann.
378 2984 450 3026 cum
463 2959 630 3026 Germania
643 2975 673 3024 at
687 2953 767 3023 libro
788 2960 829 3023 de
846 2957 1046 3044 Oratoribus,
1063 2964 1128 3025 sine
1142 2968 1181 3026 ti-

144 3062 209 3128 tulo
222 3071 326 3153 operis
341 3080 372 3130 et
385 3068 452 3131 sine
463 3068 535 3129 anni
544 3061 667 3155 locique
678 3079 759 3129 nota.
774 3063 862 3128 Hanc
874 3064 1040 3129 editionem
1056 3063 1178 3129 Roma-

147 3192 219 3232 nam
240 3191 322 3256 saepe
342 3185 455 3235 vocant
473 3169 602 3259 Lipsius
622 3169 801 3254 (interd-um
817 3182 852 3234 ut
867 3168 905 3234 ad
919 3167 1002 3234 Ann.
1018 3167 1102 3251 XII,
1117 3167 1180 3252 413

146 3271 183 3338 H.
200 3273 268 3355 III,
287 3271 345 3357 34,
360 3275 500 3339 codt'ocm
514 3278 589 3340 citat
604 3289 634 3339 et
644 3275 759 3339 librum
770 3275 971 3354 Bouianum)
985 3289 1015 3338 et
1025 3272 1180 3340 Gruterus

147 3382 234 3442 etiam
255 3378 453 3442 Vaticanum
465 3379 504 3443 ad
524 3378 565 3442 H.
584 3378 648 3461 III,
666 3378 701 3461 5,
716 3402 795 3468 quos
810 3382 973 3443 imitantur
986 3373 1127 3467 Rycltius
1139 3378 1179 3443 ad

93 3558 95 3577 Ι
148 3481 185 3547 Η.
202 3481 253 3546 lll
262 3535 271 3566 ,
290 3482 325 3566 5,
341 3499 373 3548 et
387 3481 549 3549 Acidalius
562 3483 601 3548 ad
611 3483 653 3549 H.
668 3483 716 3566 ll,
730 3482 783 3548 51.
794 3481 875 3547 Nam
886 3479 965 3546 hanc
975 3479 1179 3570 ipsamintel-

146 3582 215 3670 ligi,
239 3610 313 3651 oum
333 3587 506 3653 Romanam
527 3603 655 3671 vocant,
679 3602 764 3676 patet
782 3584 831 3651 vel
851 3609 888 3651 ex
912 3608 965 3668 eo,
979 3586 1065 3675 quod
1083 3584 1179 3650 iidem
1255 3572 1260 3585 l

148 3688 276 3753 subinde
290 3693 383 3754 etiam
396 3694 552 3777 primam,
568 3690 724 3754 Gruterus
738 3693 830 3754 etiam
845 3689 1003 3775 Spirensis
1013 3689 1179 3754 editionem

149 3792 276 3880 appellat
288 3794 327 3858 ad
340 3794 381 3858 H.
392 3794 448 3879 lv,
465 3816 519 3858 20.
536 3793 634 3876 Nam,
647 3794 733 3883 quod
748 3816 811 3858 uno
825 3808 856 3858 et
870 3790 963 3857 altero
974 3791 1100 3856 fortasse
1112 3790 1179 3857 loco

150 3890 234 3961 lectio
246 3896 345 3988 hujus
361 3899 506 3963 editionis
521 3897 675 3984 discrepat
689 3894 728 3960 ab
744 3919 796 3979 ea,
819 3918 889 3986 quae
910 3897 949 3961 de
962 3917 1084 3959 romana
1097 3917 1191 3959 come.

108 4048 112 4055 -
152 4017 340 4088 memoratur,
362 4019 399 4069 ut
417 4002 459 4067 H.
479 4002 536 4088 lV,
559 4002 602 4068 65
614 4053 625 4086 ,a
644 4000 701 4066 ubi
722 3999 852 4088 Lipsius
867 4022 905 4066 ex
918 4020 1043 4066 romana
1060 3998 1192 4087 profert
