2692 4824
525 333 816 408 PRAEFATIO.
1132 341 1189 433 xisj

173 455 342 527 flinspagina
354 476 361 507 τ
1176 458 1178 463 ¹

173 566 178 581 ι
257 555 312 606 Ἠῑε
321 553 447 605 gibergam
739 566 799 621 pres
815 565 853 606 est
870 571 903 605 es
920 555 1067 607 bibliotheca
1082 558 1190 610 Buden-

172 636 175 641 '
262 636 299 698 si,
307 637 445 708 jassaim-
735 652 866 704 pensaque
877 637 993 688 Matthia
1004 639 1106 689 Corvini
1115 644 1192 692 Han-

260 719 341 785 garioe
385 719 442 767 Bo·
736 717 858 786 emioeqae
869 721 935 784 regis
944 721 1059 788 scriptus.

138 822 141 829 ¹
168 827 322 883 inintervallo
332 843 485 902 comparent
495 831 595 900 egregie
605 830 675 901 picta
685 831 813 901 gentilitia
826 833 894 902 regis
903 833 1026 903 insignit;
1038 833 1189 908 quadriper-

166 910 274 976 titsmnt,
287 928 313 966 et
322 916 349 966 in
360 932 418 966 area
429 913 533 984 (pridem
543 915 627 983 prima
635 926 660 964 et
667 927 757 983 «quarta
765 926 825 965 octo
836 914 925 967 fascias
935 917 1091 986 Hungsricss
1101 919 1190 971 rubras

140 1058 143 1065 Ι
165 1006 326 1066 'gentemque
336 998 502 1060 alternantes,
518 997 544 1046 in
554 996 659 1066 reliquis
671 994 750 1047 rubro
760 997 847 1047 colore
858 997 946 1048 tinctis
956 996 1121 1051 bohemicum
1133 1001 1189 1053 leo-

135 1078 145 1125 ·'.
162 1084 361 1149 ‚mergentem
371 1077 508 1144 erbibsnt3
521 1076 605 1128 medio
620 1089 693 1127 scuto
708 1074 778 1127 aliud
793 1077 943 1147 impositum
957 1091 996 1128 ost
1011 1081 1095 1130 minus
1105 1098 1189 1133 caeru-

141 1164 144 1169 '
161 1152 228 1221 lun,
240 1159 312 1230 quad
326 1177 437 1212 corvum
452 1159 530 1211 offert
538 1199 546 1223 ,
563 1176 634 1209 sarno
649 1159 810 1211 insistentem
827 1176 919 1223 aureo,
936 1175 1091 1233 aureumque
1105 1176 1191 1219 rostro

161 1239 263 1290 monium
275 1254 415 1292 tenentem.

182 1319 223 1371 Est
231 1339 293 1391 ergo
303 1321 346 1374 bic
357 1321 424 1373 fiber
434 1340 465 1372 ex
476 1322 521 1383 iis,
533 1337 598 1391 quos
608 1338 701 1391 magno
710 1338 818 1372 numero
826 1318 950 1373 Matthias
960 1321 1072 1375 describi
1080 1326 1189 1377 curavit.

158 1398 248 1454 Scilicet
258 1417 289 1454 ut
301 1403 442 1455 Brassicani
452 1403 552 1465 verbis,
563 1401 685 1455 Salviano
700 1420 714 1453 a
729 1422 755 1454 sc
769 1402 871 1455 basilea
884 1421 907 1454 ιι.
927 1404 988 1456 ι53ο
1007 1407 1099 1457 emisso
1118 1425 1188 1476 pree-

156 1481 200 1533 fixis
209 1497 235 1534 et
244 1501 259 1533 a
268 1482 387 1536 Sohierio
395 1485 428 1536 ad
439 1495 460 1552 ξ.
471 1484 507 1535 IV
517 1484 615 1547 citatis,
625 1496 691 1545 utar,
703 1487 762 1533 Rex
771 1485 833 1547 iste,
844 1502 919 1553 quern
928 1498 995 1536 recte
1005 1486 1124 1538 librorum
1133 1488 1190 1539 tet-

154 1563 240 1614 lsooem
250 1566 435 1633 adpellavcris,
442 1577 550 1633 quatuor
555 1567 664 1634 insignes
672 1566 790 1615 librarios
801 1566 939 1617 Florentia
948 1570 1045 1636 magnis
1055 1569 1189 1637 impendiis

152 1644 204 1696 absit
209 1685 218 1708 ,
228 1664 337 1714 quorwn
348 1666 411 1699 anas
420 1659 444 1698 et
452 1649 539 1698 unicus
548 1648 623 1698 labor
631 1661 700 1711 erat,
712 1661 738 1698 ut
747 1663 833 1697 omnes
843 1649 954 1698 melioris
963 1661 1031 1700 notoe
1041 1662 1155 1702 auctores
1164 1664 1189 1703 et

150 1743 237 1794 grecos
246 1741 272 1779 et
278 1729 382 1793 ἱαιίηυι,
389 1746 452 1798 quos
459 1726 587 1779 commode
597 1746 630 1777 ex
641 1729 744 1778 Gracia
752 1728 843 1780 babere
850 1747 900 1778 non
906 1741 1007 1797 poterat
1016 1731 1064 1798 (ad
1071 1749 1113 1782 eos
1122 1733 1188 1783 enim

149 1811 329 1878 conpatiendos
337 1813 366 1862 in
376 1815 504 1864 Gratiam
514 1823 537 1861 et
544 1812 636 1862 Asiam
646 1813 761 1880 aliasque
771 1813 885 1880 regiones
894 1813 964 1864 viros
973 1814 1058 1866 doctos
1068 1816 1186 1885 miserat)

149 1894 320 1946 ascriberent.
336 1895 406 1944 Nam
420 1895 477 1962 ipsa
490 1893 661 1962 typographia
679 1891 720 1959 (at
730 1894 824 1960 exigua
833 1905 890 1942 sunt
899 1896 1008 1943 omnium
1019 1911 1101 1943 renem
1108 1897 1187 1960 prin·

148 1975 227 2044 cipio)
239 1974 354 2027 ronchum
364 1987 416 2026 tam
426 1974 477 2047 liae
488 1975 587 2025 radices
596 1986 696 2042 egerat,
706 1986 733 2024 at
742 1972 924 2024 ardentissimis
939 1974 990 2024 illis
1004 1987 1028 2025 et
1042 1994 1103 2026 vere
1112 1974 1188 2045 regiis

147 2059 205 2109 vocs
221 2058 372 2126 satifacene
385 2070 478 2124 posset.
496 2061 606 2108 Istorum
616 2075 718 2123 operum
730 2058 878 2109 correctioni
886 2068 911 2106 et
919 2057 996 2107 nitori
1008 2057 1110 2108 Naidas
1119 2059 1187 2110 Nal-

146 2138 210 2201 dias,
221 2141 270 2208 qai
287 2141 412 2201 autentis
429 2140 585 2190 bibliotbeoae
601 2140 655 2204 ejas
671 2139 824 2188 incunabula
841 2151 950 2206 quatuor
962 2139 1100 2190 carminum
1116 2139 1187 2191 libris

145 2222 246 2285 cecinit,
263 2221 358 2290 aliique
374 2221 507 2288 multiplici
522 2223 625 2272 scientr'a
637 2221 759 2289 perpoliti
768 2221 820 2271 viri
830 2221 1003 2289 invigilabant.
1021 2222 1100 2272 Domi
1112 2241 1186 2288 pra.

145 2312 208 2352 tenea
217 2305 325 2372 triginta
336 2304 452 2354 librarios
462 2303 582 2371 babebat,
599 2305 644 2371 qui
657 2304 733 2353 libros
750 2302 931 2365 describerent,
947 2303 1128 2372 pingerentque
1142 2303 1187 2356 snb

145 2384 227 2438 Felice
239 2388 380 2453 Ragasono
389 2388 530 2452 praseae,
541 2397 605 2436 teste
616 2384 675 2437 Nic.
687 2382 771 2435 Olaho
782 2385 809 2434 in
819 2385 954 2452 Hangaria
963 2403 1008 2434 sna
1014 2424 1023 2447 ,
1035 2404 1058 2437 e.
1070 2384 1093 2437 5.

173 2467 311 2519 Florentia
320 2479 452 2518 exaratum
461 2484 514 2518 esse
525 2466 640 2531 codicem
650 2465 736 2516 Taciti
746 2478 812 2516 etex
824 2466 931 2536 antiquo
942 2464 1045 2529 codice,
1061 2485 1186 2537 perquam

144 2560 180 2599 est
190 2549 339 2600 verisimile.
348 2549 439 2603 Italam
449 2565 552 2599 menum
561 2545 734 2617 proditetiam
745 2565 797 2598 vox
806 2549 928 2616 ὅραμα,
941 2565 997 2618 ques
1006 2548 1101 2617 legitur
1110 2547 1142 2600 H.
1151 2549 1186 2616 V,

146 2647 180 2699 19.
198 2633 271 2682 Ante
291 2648 368 2701 quern
386 2632 468 2700 prime
481 2628 599 2700 prodiret
609 2627 689 2680 editio
700 2629 802 2688 Taciti,
814 2647 845 2679 ex
856 2628 935 2698 praelo
946 2625 1074 2698 Spirensis
1087 2629 1186 2685 Veneto

144 2713 208 2764 eben
217 2729 241 2763 a.
254 2713 317 2782 1469
326 2715 430 2777 emissa,
442 2713 567 2781 scriptum
577 2730 629 2763 esse
639 2751 645 2773 ,
655 2709 795 2762 brassiceni
805 2709 885 2762 rerba
895 2709 1010 2762 suadent.
1022 2710 1107 2778 Quem
1116 2710 1186 2764 codi-

144 2809 196 2845 tem
207 2795 379 2864 antiquiorem
387 2796 413 2844 in
421 2792 589 2847 describendo
595 2806 653 2844 ante
663 2794 750 2845 oculos
759 2791 878 2845 habuerit
885 2791 1019 2856 librarius,
1028 2811 1102 2844 nemo
1109 2794 1186 2845 dixe--

143 2874 183 2926 rit.
194 2877 293 2926 Forsan
304 2894 368 2927 anus
377 2877 400 2926 is
408 2887 448 2927 est
455 2894 488 2927 ex
495 2876 540 2937 iis,
552 2876 596 2945 qui
604 2887 697 2944 preter
705 2871 887 2926 Corbeiensem
896 2886 1027 2925 serventur
1035 2875 1184 2941 Florentiae,

144 2972 191 3025 ‘pta
200 2954 234 3011 de
244 2976 274 3007 re
284 2975 351 3008 nunc
360 2957 440 3015 facile
448 2957 528 3009 fuerit
541 2955 671 3026 judicare,
688 2968 826 3025 postquam
839 2953 983 3006 adcuratius
998 2955 1117 3007 lectionis
1129 2956 1184 3008 Bn-

143 3035 226 3090 densis
241 3039 352 3090 varietas
366 3058 381 3091 a
398 3057 438 3090 me
453 3051 498 3090 est·
509 3037 628 3091 indicata.
647 3037 745 3089 Mirum
755 3034 838 3088 rideri
848 3038 951 3087 omnino
961 3035 1055 3098 debet,
1070 3037 1185 3090 codicem

143 3117 285 3170 bedensem
302 3138 367 3190 sape
384 3140 443 3174 cum
459 3121 608 3172 Florentino
619 3133 646 3171 et
655 3118 768 3172 editione
779 3119 895 3189 principe
905 3119 1060 3188 conspirare.
1070 3119 1183 3183 Verum,

144 3214 169 3252 ut
176 3201 245 3253 idem
254 3200 655 3270 deGuelierbytano,Vaticsno,
667 3201 796 3271 Agricola
807 3198 939 3251 codicibus
949 3196 1030 3251 adseri
1041 3211 1127 3268 potest
1134 3240 1140 3262 ,
1148 3201 1184 3253 sic

143 3298 229 3336 contra
238 3287 266 3337 in
276 3285 366 3336 multis
378 3283 410 3335 ab
421 3282 496 3335 biset
511 3283 661 3336 Florentino
676 3295 703 3333 et
718 3281 829 3333 editione
845 3283 928 3351 prima
946 3279 1081 3344 dissidere,
1097 3293 1185 3333 notata

143 3380 226 3419 nostra
236 3368 300 3418 satis
310 3384 436 3435 superque
447 3365 586 3416 declarant.
603 3365 643 3416 Eo
659 3377 775 3436 spectant
790 3365 856 3414 inter
871 3364 935 3426 alie,
948 3363 981 3414 H.
992 3362 1046 3423 III,
1062 3363 1102 3431 47,
1121 3381 1183 3414 con-

143 3449 253 3510 tractius,-
271 3448 318 3509 51,
329 3446 444 3514 flagitii5
457 3447 504 3513 54,
517 3443 641 3513 referret,-
652 3445 697 3509 IV,
707 3447 737 3508 6,
752 3457 879 3496 certatam.
892 3442 991 3496 Similia
1005 3443 1047 3494 bis
1061 3442 1094 3494 de
1109 3444 1184 3495 codi-

143 3527 212 3581 cibus
227 3528 355 3580 Vaticano
372 3546 475 3598 quoque
492 3539 518 3578 et
537 3527 700 3589 Florentino,
720 3545 780 3577 cum
801 3524 911 3577 editione
931 3527 1047 3597 principe
1067 3525 1183 3589 collatis,

142 3609 215 3660 refert
225 3609 369 3660 Ernestins.
852 3662 854 3667 Ι

146 3726 148 3731 -
168 3692 260 3760 Atque
267 3688 323 3740 beec
330 3687 453 3739 hactenus
459 3685 493 3738 de
500 3699 573 3738 estate
584 3699 609 3738 et
618 3688 773 3739 auctoritate
783 3685 880 3739 codicis
891 3684 1023 3737 Badensis.
1035 3693 1184 3739 Proximum

143 3786 189 3833 cst,
201 3786 229 3823 ut
241 3772 286 3842 qni
299 3764 454 3832 factum‘sit,
466 3771 531 3820 utin
545 3783 645 3820 nostros
661 3771 806 3840 perveniret
825 3787 894 3833 oras,
912 3770 1076 3838 inquiramus.
1091 3770 1107 3820 J
1110 3769 1185 3821 scobi

143 3850 273 3924 Spiegelii,
284 3851 478 3905 Selestadiensis
486 3851 501 3902 J
504 3849 534 3903 C.
545 3870 600 3903 sevo
611 3870 656 3903 suo
666 3850 837 3915 celeberrimi,
849 3853 894 3921 qui
903 3850 1080 3902 Maximiliano
1090 3849 1184 3900 Caesari

143 3948 237 4003 tmenn
252 3946 310 3985 erat
326 3946 354 3985 et
368 3933 496 3995 consiliis,
514 3934 606 3997 fnisse,
625 3931 764 4005 epigraphe
779 3931 882 3985 laudata
898 3931 1011 3984 Rhenuni
1028 3930 1121 3994 docet,
1139 3932 1183 3999 qui

142 4012 208 4070 istius
217 4015 291 4069 dono
300 4031 360 4067 enm
370 4026 507 4086 acceptum
515 4014 603 4067 refert.
612 4010 745 4088 Spicgelio
754 4025 838 4064 sutem
848 4051 854 4074 ,
870 4014 927 4082 qui,
943 4026 972 4064 ut
981 4015 1037 4082 ipse
1047 4015 1073 4063 in
1082 4011 1183 4080 praefi·
