2692 4824
241 340 272 426 q
645 328 888 423 ERNESTI

243 478 313 521 cere
327 454 387 520 nisi
399 454 425 518 is
435 466 556 543 potest,
571 451 626 541 qui
640 454 854 540 comparandis
868 454 949 517 inter
963 475 995 517 se
1009 450 1118 539 libris,
1134 452 1289 539 indagan-

243 562 346 651 daque
360 557 502 623 lectionis
515 560 670 648 cujusque
685 556 803 640 origine
818 557 923 647 (quod
938 556 966 621 ei
979 580 1103 622 necesse
1117 573 1182 642 est,
1197 558 1224 623 si
1235 558 1292 625 de·

243 664 362 730 lectum
375 662 526 728 bonarum
541 660 710 726 lectionum
723 678 805 727 recte
821 662 920 727 lacere
933 659 1029 745 velit)
1041 661 1143 752 qualis
1153 684 1289 754 quaeque

245 768 343 835 editio
359 784 455 851 esset,
472 767 623 853 cognorit.

287 872 509 963 Antiquissimi
529 873 632 937 Taciti
653 873 774 938 codices
797 872 905 961 scripti
921 887 994 936 sunt
1008 872 1195 937 Florentini
1205 872 1291 949 duo,-

245 998 380 1067 quorum
391 975 468 1041 alter
483 975 578 1041 libros
594 1001 645 1042 sex
659 977 777 1066 priores
796 983 871 1062 (ut,
887 991 1013 1040 auctore
1028 975 1162 1065 lipsio,
1178 998 1291 1040 nume-

243 1104 347 1146 ramus
362 1081 476 1162 hodie,
497 1080 571 1145 olim
592 1081 733 1172 quinque
748 1078 1014 1161 numerabantur)
1028 1078 1201 1145 Annalium
1214 1102 1290 1145 con-

245 1188 343 1270 tinet,
364 1185 440 1250 alter
460 1186 598 1276 reliquos
620 1203 650 1250 et
668 1185 841 1251 Annalium
855 1201 885 1250 et
898 1184 1128 1268 Historiarum,
1143 1199 1180 1249 ut
1193 1183 1293 1249 hodie

244 1307 406 1355 vocantur.
422 1288 479 1354 Ille
487 1314 571 1355 rurus
581 1307 642 1373 est,
653 1315 711 1357 nec
722 1291 819 1356 alium
831 1290 984 1381 scriptum
996 1289 1122 1354 illorum
1134 1288 1293 1355 librorum

245 1396 385 1461 codicem
398 1394 558 1459 habemus.
570 1394 649 1459 Nam
662 1394 739 1460 liber
754 1395 774 1458 J
775 1396 826 1460 oh.
842 1395 978 1460 Jocundi
990 1394 1193 1477 Veronensis,
1205 1394 1294 1484 quia

245 1498 404 1564 nonnullis
418 1515 685 1577 commemoratur,
701 1499 916 1587 apographum
929 1497 1015 1563 illius
1033 1513 1097 1580 est,
1121 1513 1216 1589 atquc
1237 1494 1296 1565 ille

247 1604 334 1693 ipse,
350 1627 443 1694 quem
459 1625 540 1691 saepe
554 1602 690 1667 Ursinus
704 1601 822 1667 laudat.
838 1602 877 1668 V.
893 1600 1034 1667 Gronov.
1050 1602 1089 1665 ad
1106 1602 1146 1666 A.
1164 1599 1294 1685 1v‚36.

244 1706 357 1798 Itaque
371 1731 432 1771 non
447 1722 530 1771 recte
544 1707 683 1789 faciunt,
698 1706 753 1795 qui
774 1705 915 1771 omnium
931 1704 1143 1795 exemplorum
1158 1704 1295 1795 scripto-

247 1835 317 1876 rum
332 1833 515 1877 consensum
528 1812 560 1875 in
576 1811 643 1875 istis
657 1809 745 1876 libris
758 1827 1016 1895 commemorant,
1028 1812 1115 1902 quod
1125 1809 1293 1901 aliquoties

246 1915 374 1981 memini
400 1938 448 1980 me
469 1915 614 2004 reperire.
639 1915 746 1980 Codex
768 1914 821 1981 illo
846 1917 1003 2006 quondam
1027 1916 1089 1980 suit
1112 1914 1294 1981 monasterii

247 2019 445 2085 Corbeiensis
467 2020 501 2085 in
515 2020 684 2103 Vestfalia,
707 2036 848 2110 repertus
868 2020 906 2084 ab
928 2019 1049 2103 Angelo
1068 2019 1293 2104 Arcimboldo,

247 2141 401 2214 quaestoro
414 2123 529 2189 Leonis
544 2123 579 2187 X
590 2125 747 2212 pontificis
758 2125 894 2207 romani,
908 2141 937 2188 et
949 2126 988 2188 ad
1000 2124 1136 2188 Leonem
1148 2123 1273 2190 delatus
1285 2151 1294 2188 ε
1325 2158 1329 2167 ·

247 2252 266 2292 a
283 2250 346 2319 quo
362 2226 541 2316 quingentis
554 2230 654 2293 aureis
665 2229 769 2293 numis
785 2244 909 2316 emptus
923 2229 956 2291 in
972 2226 1209 2313 bibliothecam,
1221 2242 1294 2317 post

247 2346 378 2396 mortem
390 2334 473 2419 ejus,
489 2329 702 2396 Florentinum
711 2334 807 2398 venit.
823 2332 875 2398 Ex
890 2356 926 2397 eo
941 2332 1041 2397 edidit
1051 2332 1108 2397 hos
1120 2332 1217 2397 libros
1230 2332 1302 2421 pri·-

248 2458 319 2503 mus
334 2434 416 2499 Phil.
431 2431 614 2518 Beroaldus,
629 2449 665 2498 ut
680 2458 753 2499 mox
767 2438 888 2502 dicetur
905 2464 911 2498 :
929 2438 982 2502 sed
997 2461 1068 2502 eum
1084 2453 1154 2525 post
1167 2459 1294 2503 accura-

249 2539 315 2604 tius
325 2561 483 2603 excussere
493 2553 523 2603 et
534 2560 606 2602 cum
617 2536 710 2602 editis
721 2536 880 2603 contulere
893 2540 1024 2604 Curtius
1035 2539 1171 2605 Pichena
1183 2557 1214 2607 et
1226 2542 1292 2607 Jac.

251 2642 451 2726 Gronovius,
473 2644 521 2707 vir
542 2642 575 2706 in
594 2642 683 2709 libris
699 2643 822 2733 scriptis
837 2644 932 2709 tritus
954 2644 1123 2708 admodum
1137 2670 1145 2706 :
1159 2668 1296 2737 quorum

251 2745 414 2831 diligentia
428 2771 490 2811 non
504 2771 615 2836 parum
629 2749 739 2813 Tacito
750 2749 880 2838 proluit.
895 2748 988 2813 Hunc
1000 2749 1139 2814 codicem
1149 2751 1298 2816 vetustis-

251 2852 367 2919 simum
379 2874 443 2916 esse
452 2867 592 2934 constat3
607 2867 743 2918 ceterum
755 2852 817 2917 viri
832 2854 932 2937 docti,
948 2853 1090 2944 quicum
1105 2869 1298 2940 tractarunt,

251 2953 440 3037 Beroaldus,
451 2954 602 3039 Pichena,
615 2971 738 3019 tantum
748 2956 891 3022 universe
902 2961 970 3046 eius
979 2958 1199 3048 antiquitatem
1208 2982 1296 3024 eorn-

252 3082 476 3143 memoravere,
493 3083 566 3124 cum
581 3061 620 3124 de
634 3059 762 3123 alterius
778 3074 868 3124 aetate
882 3076 912 3124 et
929 3060 1083 3150 scriptura
1096 3060 1190 3126 multi
1208 3063 1301 3130 dixe·

160 3150 163 3154 ⁵
253 3166 319 3231 rint
337 3192 343 3226 ε
359 3166 443 3230 undo
456 3164 574 3230 factum
588 3164 722 3248 videtur,
744 3180 781 3228 ut
801 3166 841 3228 de
860 3181 996 3255 utroque
1010 3164 1117 3230 codice
1132 3166 1299 3253 nonnulli,

254 3284 403 3359 tanquam
425 3270 465 3334 de
486 3293 568 3353 uno,
589 3264 800 3359 loquerentur,
816 3270 902 3334 velut
919 3269 985 3358 ipse
999 3270 1077 3335 Abr.
1099 3270 1298 3357 Gronovius,

256 3372 296 3437 V.
312 3373 349 3437 C.
366 3374 399 3437 in
412 3373 590 3462 praefatione
609 3373 755 3439 editionis
776 3375 912 3464 Traiecti
926 3372 993 3439 Bat.
1010 3399 1037 3440 a.
1056 3397 1135 3463 1721
1153 3375 1299 3464 promul-

256 3492 356 3562 gataa,
371 3477 422 3541 cui
438 3477 575 3566 parentis
590 3492 677 3541 notas
693 3477 836 3558 addidit;
851 3502 924 3543 cum
938 3478 1096 3543 diversum
1110 3477 1195 3543 hunc
1210 3480 1300 3545 codi-

257 3604 324 3645 cem
340 3580 574 3665 esseahaltero,
589 3583 627 3646 de
642 3606 705 3672 quo
720 3605 809 3666 mox,
826 3599 945 3648 certum
960 3583 1010 3647 sit.
1025 3582 1098 3647 Vid.
1112 3580 1299 3651 Montefnlo.
1331 3616 1335 3625 ·

259 3686 345 3751 Bitu.
359 3686 460 3755 MSS.
473 3711 504 3774 p.
516 3683 590 3774 374.
605 3684 702 3770 Quod
716 3687 741 3750 si
757 3685 776 3748 J
778 3685 874 3751 acobo
887 3686 1083 3770 contigisset,
1098 3703 1134 3750 ut
1144 3687 1210 3775 ipse
1220 3687 1300 3757 huie
1328 3668 1342 3735 l

257 3788 388 3853 editioni
408 3789 602 3876 praeferetur,
621 3788 707 3853 haud
731 3788 825 3854 dubie
846 3790 1068 3855 accuratiorem
1091 3795 1159 3880 ejus
1181 3792 1301 3861 codicis
1329 3822 1342 3873 ,-

258 3893 499 3982 descriptionem
516 3892 712 3959 haberemus.
729 3894 801 3961 Vid.
816 3896 855 3960 dc
868 3895 929 3961 hoc
942 3895 1048 3962 codice
1064 3895 1158 3961 etiam
1175 3896 1299 3963 Monu-
1328 3896 1338 3915 ²

254 4003 368 4062 'menta
381 3998 525 4064 Puderh.
539 4022 571 4087 p.
586 3999 646 4083 69,
660 4018 711 4086 79.
