2692 4824
518 361 808 434 pheretro.
1132 363 1180 458 xta

158 478 276 532 variorum
284 478 435 533 instruxerit
444 476 606 545 Cornelium,
616 484 714 552 primns
723 500 826 555 quoque
838 482 892 554 ejus
901 481 982 536 libros
995 482 1020 535 iu
1035 482 1120 555 cupite
1128 480 1185 536 dit-

154 561 264 628 tinxerit3
276 562 351 631 Hugo
360 562 463 614 amour
470 601 479 626 ,
496 563 568 633 cujus
583 563 664 618 nitide
678 565 756 619 editio
769 564 868 636 prodiit
882 567 911 618 L.
927 564 956 618 B.
969 566 1057 630 in·ta,
1074 566 1143 618 uotis
1156 577 1187 617 et

150 640 364 694 emendationibus
374 644 482 712 stipate,
493 646 531 695 M.
544 645 650 696 zuei-ius
660 647 835 710 Roehomins,
847 647 892 717 qui
899 646 1014 717 pauculis
1024 645 1184 699 ohservatio-

146 721 222 775 nibns
232 722 352 775 Tacitum
360 724 501 778 illustravit
510 725 593 791 in-ra,
604 727 689 779 Amet.
701 727 770 794 1643.

141 854 144 861 ·
189 819 252 888 Sed
276 823 377 889 exorti
396 818 469 891 sunt
488 824 552 890 duo
565 824 618 891 alii
631 849 760 915 operum
773 825 876 892 Taciti
889 825 1022 892 editores
1034 824 1184 911 francici,

142 927 201 1018 qui
209 929 249 995 ad
259 927 401 994 criticam
410 929 560 996 rationem
570 931 736 1021 pertinent.
748 930 871 997 Primus
879 931 909 998 J
907 979 915 993 .
925 927 964 994 N
963 933 1001 994 ic.
1014 927 1187 995 Alleman·

143 1055 205 1096 rsus
221 1031 447 1119 (Lallemand)
458 1032 497 1098 V.
510 1033 547 1100 C.
559 1035 615 1125 qui
624 1059 652 1102 a.
667 1039 768 1125 1760,
782 1036 871 1100 in-ra
879 1085 888 1118 ,
897 1032 1001 1100 Taciti
1013 1055 1105 1123 opere
1117 1031 1186 1098 edi-

145 1134 213 1220 dit,
227 1159 304 1202 usus
316 1134 400 1202 libro
413 1158 476 1201 uno
491 1137 605 1230 scripto
617 1138 735 1224 Regio,
752 1143 842 1230 cujus
852 1136 1016 1220 lectiones,
1031 1133 1187 1223 inprimis

146 1261 221 1305 cum
239 1240 376 1306 editione
398 1239 551 1330 Spirensis
569 1243 809 1327 consentientes,
828 1239 1008 1331 plerumque
1022 1237 1055 1302 in
1067 1251 1188 1303 textum

147 1357 285 1409 enostra
298 1360 459 1432 sumptum
471 1342 604 1435 recepit.'
615 1344 730 1436 Majori
743 1361 855 1412 conatu
867 1360 898 1409 et
916 1340 1059 1432 pluribus
1076 1340 1187 1430 praesi÷

150 1443 378 1537 diisllihrorum
392 1447 563 1516 instructus
575 1472 685 1516 novam
698 1450 866 1516 editionem
886 1444 1012 1513 molitus
1023 1460 1068 1511 est
1084 1444 1188 1514 Gabr.

150 1551 340 1629 Bmterius,
368 1573 461 1639 quem
491 1576 518 1617 a.
549 1554 628 1640 ¹7⁶1
657 1552 885 1636 Programtnate
916 1547 1106 1639 promiserat.
1138 1540 1190 1616 En

151 1674 230 1719 tnnc
246 1676 327 1742 ¹77¹
346 1652 485 1721 absoluta
497 1672 542 1721 est
557 1655 701 1740 Parisiis,
716 1671 849 1747 qtutuor
865 1653 986 1738 magnis
1000 1653 1106 1720 formae
1122 1674 1189 1719 me-

153 1754 213 1821 tie
230 1755 453 1825 voluminibus.
472 1757 564 1824 Basin
577 1757 651 1823 fecit
664 1773 784 1824 textum
801 1755 986 1823 recensionis
1006 1771 1138 1839 nostrte,
1151 1769 1189 1822 ut

154 1859 421 1949 inpiogrammate
431 1861 584 1950 professus
598 1875 671 1926 erat.
685 1861 772 1926 Usus
781 1876 885 1927 autem
896 1873 942 1925 est
951 1856 1040 1924 lihris
1050 1857 1190 1947 scriptis,

156 1962 352 2053 quiquidem
365 1961 404 2028 ab
414 1961 481 2029 aliis
490 1979 560 2029 ante
576 1985 608 2030 se
622 1961 671 2028 vel
682 1961 807 2027 omnino
817 1985 880 2026 non
894 1958 1030 2026 adhibiti
1041 1960 1191 2046 luissent,

156 2064 204 2130 vel
223 2089 287 2131 non
309 2066 383 2134 satis
403 2065 575 2153 diligenter,
597 2066 695 2151 Regio
712 2071 807 2152 (nam
827 2062 1028 2131 Allemannns
1047 2062 1192 2146 lectiones

158 2172 240 2259 ejus,
263 2168 297 2233 in
317 2170 472 2258 prioribus
490 2169 578 2237 libris
600 2194 685 2255 raro,
709 2187 740 2236 et
759 2169 877 2262 quibus
895 2167 971 2235 locis
991 2173 1054 2260 jam
1072 2181 1194 2234 notarat

161 2269 313 2364 Rycltius,
328 2291 561 2359 commemorat,
572 2297 608 2341 ac
620 2273 763 2365 saepiusl.
774 2273 867 2358 XIV,
878 2269 1191 2362 ubitecetRychius,

160 2390 188 2440 et
200 2377 357 2443 interdum
369 2376 499 2464 utiliter,
514 2395 583 2444 tum
594 2377 614 2444 l.
625 2379 708 2445 XVI
718 2383 749 2464 ),
761 2378 936 2462 Vaticanis,
951 2375 1002 2443 his
1012 2375 1192 2442 recentiori-

105 2540 107 2549 .
160 2475 214 2544 hus
227 2479 372 2547 omnibus
382 2503 400 2546 e
412 2498 521 2573 quarto
534 2498 588 2548 aut
602 2480 834 2573 quintodecimo
846 2478 974 2564 saeculo,
986 2495 1017 2546 et
1027 2478 1193 2569 Excerptis

105 2570 107 2615 ³
161 2580 266 2649 incerti
280 2583 375 2668 libri,
390 2583 423 2649 in
435 2585 572 2670 margine
586 2583 784 2668 Beroaldino,
806 2583 929 2673 scriptis
949 2607 957 2651 :
977 2605 1111 2674 quorum
1130 2580 1193 2651 lec-

163 2686 256 2753 tiones
270 2687 304 2752 in
317 2688 399 2752 notis
412 2688 528 2754 criticis
540 2688 681 2772 exhibet,
704 2689 819 2754 additis
838 2686 1024 2777 conjecturis
1038 2686 1194 2752 interdum

162 2790 221 2856 suis
237 2806 270 2855 et
283 2789 410 2881 judiciis
423 2813 515 2880 super
528 2781 660 2856 aliorum
672 2789 818 2856 lectiones
839 2804 870 2854 et
889 2793 1099 2880 conjecturas,
1121 2788 1196 2855 item

161 2890 287 2959 iliorum
314 2894 452 2959 virorum
477 2894 638 2961 doctorum
664 2891 922 2973 correctionibus,
948 2892 982 2960 in
1006 2890 1196 2977 marginibus

163 2994 370 3085 exemplorum
383 2995 486 3062 Taciti
498 2996 643 3085 repertis,
658 2994 772 3087 quibus
787 2993 834 3060 illi
847 2994 897 3060 usi
907 3009 1004 3061 erant.
1018 2993 1125 3084 Hujus
1135 2994 1196 3059 viri

163 3097 330 3164 doctissimi
342 3097 429 3163 labor
441 3099 519 3189 quid
532 3097 608 3164 huic
623 3098 764 3164 secundae
774 3113 886 3163 nostrae
901 3096 1031 3164 editioni
1045 3097 1077 3162 in
1088 3120 1197 3182 genere

164 3192 268 3268 critico
281 3201 453 3291 profuerit,
468 3217 549 3268 notae
564 3218 675 3269 nostrae
691 3201 884 3268 indicabunt.
932 3201 936 3208 ’

191 3320 290 3393 βοοιιᾶί
300 3322 402 3373 curavit
411 3321 543 3372 Bwteriur
551 3319 671 3372 Tacitum
680 3306 755 3372 sunm
764 3319 863 3371 octonis
873 3317 977 3368 Parisiis
986 3334 1008 3368 a.
1021 3319 1097 3386 1776,
1109 3317 1161 3370 vol.
1170 3336 1195 3386 7,
1287 3384 1289 3392 Α

167 3418 218 3455 ω]
229 3403 415 3472 supplementis
422 3402 641 3463 etnotiseelectis,
651 3400 878 3472 quibusvaccessere
884 3398 997 3450 Politice
1003 3436 1012 3463 ‚
1020 3416 1061 3450 res
1070 3399 1196 3469 Trajani,

166 3484 360 3552 mpplemenbam
371 3481 468 3551 dialogi
475 3481 507 3532 de
519 3481 664 3533 Oratoribus
673 3493 698 3531 et
697 3481 875 3551 fragmentum
890 3479 950 3531 titii
961 3478 1029 3531 XCI
1042 3481 1094 3531 Tl'tt'
1112 3478 1198 3542 Livii,

167 3565 333 3630 opplementi
342 3575 366 3614 et
376 3565 441 3614 notis
450 3563 608 3614 ilbrstratum.
619 3561 736 3631 Repetite
746 3574 785 3613 est
794 3560 849 3613 haec
859 3559 953 3625 editio,
965 3560 1079 3624 omittis,
1095 3579 1152 3637 quae
1167 3560 1199 3612 ad

168 3641 281 3696 Tacitum
293 3664 344 3697 non
356 3642 530 3715 pertinebant,
544 3639 681 3693 hlanhemii
692 3642 822 3694 octonisa.
835 3645 912 3709 1780,
922 3640 975 3693 vol.
987 3640 1012 3693 ⁵.

194 3725 300 3779 Abhinc
310 3725 411 3795 egregie
421 3724 453 3776 de
462 3724 555 3776 Tacito
565 3725 699 3793 promeriti
709 3737 767 3776 sunt
774 3723 933 3775 Professores
942 3721 1075 3793 Bipontini
1084 3721 1199 3778 celeber-

169 3808 232 3870 rimi,
241 3808 338 3880 qtrihns
345 3809 436 3859 seriem
444 3807 746 3858 classicorumauotorum
754 3804 904 3858 Graecorum
912 3804 1111 3874 Latinorumque
1119 3802 1200 3872 probe

169 3887 422 3952 wandebertus,
432 3889 464 3939 G.
474 3888 532 3939 cta.
541 3888 647 3939 multus
652 3927 660 3952 ,
672 3887 745 3939 Fin'd.
757 3887 814 3940 Otr.
825 3888 937 3937 Extentt
947 3899 973 3939 et
981 3886 1042 3937 Joh,
1051 3886 1080 3936 V
1078 3885 1113 3936 al.
1123 3884 1203 3934 Emb-

170 3985 244 4050 terres.¹
257 3970 294 4028 Hi
310 3969 338 4023 id
354 3981 474 4040 egerunt,
488 3981 517 4020 ut
528 3966 631 4038 Biponti
641 3969 657 4037 4
667 3969 720 4023 vol.
732 3986 755 4020 a.
769 3985 830 4038 ¹779
839 3968 940 4022 octonis
949 3966 1043 4022 darent
1053 3965 1201 4018 Cornelium
