2692 4824
528 314 822 383 ransarto.
1174 304 1193 385 'v

153 450 235 519 tent,
249 458 321 527 quta
335 457 374 501 ex
390 434 500 500 iisdem
518 433 607 500 libris
620 452 763 525 poterant
780 438 945 503 emendari.
962 438 1090 507 Etenim
1103 464 1194 507 nemo

151 555 194 604 est
208 540 253 605 ita
266 538 419 630 lynceus,
443 557 479 605 ut
494 543 598 606 omnia
617 541 757 607 lectionis
776 541 909 627 vulgatos
923 543 1001 609 vitia
1016 568 1071 609 sua
1085 562 1194 634 sponte
1206 618 1210 625 ,

147 644 272 728 rideat,
295 669 351 710 nec
377 645 536 709 interdum
557 669 613 734 pro
632 645 724 709 rectis
747 646 878 734 probet,
893 670 964 737 quae
984 647 1094 712 vitiosa
1109 651 1192 734 sint,

142 765 200 814 aut
216 749 304 814 velut
317 747 410 838 plana
426 773 460 814 ac
475 749 638 838 perspicua
655 765 805 832 transeat,
829 751 861 814 in
874 752 991 841 quibus·
1005 752 1058 816 alii
1073 770 1126 817 ant
1139 778 1194 843 pa·

144 877 219 918 rum
237 869 295 919 ant
317 852 398 919 nihil
413 852 601 938 intelligant.
621 854 826 921 Casaubonns
847 856 974 946 quidem
995 858 1061 941 (ad
1081 857 1193 924 Sueto-

141 958 259 1040 nium)
276 959 442 1043 fatebatur,
457 959 517 1025 sibi
532 982 614 1049 saepe
627 960 792 1044 accidisse,
808 976 859 1043 ut,
874 983 946 1051 quae
956 959 1124 1028 clarissima
1133 987 1193 1053 pu·

143 1078 262 1146 tasset,
279 1064 363 1128 iniis
378 1064 527 1148 haereret,
544 1088 616 1130 cum
635 1066 727 1153 plana
747 1082 777 1131 et
797 1065 961 1156 perspicua
977 1088 1084 1130 eorum
1098 1068 1192 1133 inter-

145 1166 285 1254 pretatio
293 1183 462 1256 peteretur.
476 1168 554 1232 Inde
568 1167 661 1233 etiam
675 1170 727 1254 fit,
742 1184 778 1233 ut
790 1168 924 1235 subinde
933 1169 993 1234 viri
1003 1171 1105 1255 docti,
1119 1187 1190 1257 ant,

143 1270 225 1335 vitio
250 1269 394 1337 lectionis
418 1273 651 1357 animadverso,
672 1275 859 1364 conjecturis
879 1297 910 1340 se
931 1292 1110 1360 exerceant,
1136 1291 1192 1342 ant

147 1375 304 1464 explicare
323 1374 483 1461 laborent,
499 1380 584 1468 quod
600 1378 749 1444 vitiosum
763 1394 829 1460 est3
850 1377 932 1443 nihil
951 1377 1141 1464 laboraturi,
1163 1379 1192 1445 si

146 1476 301 1545 librorum
314 1497 455 1547 veterum
468 1481 613 1550 lectiones
632 1506 738 1550 omnes
757 1499 878 1549 notatas
898 1482 1048 1549 haberent
1067 1482 1106 1548 ab
1129 1483 1191 1569 iis,

150 1583 266 1677 quibus
277 1607 386 1650 eorum
398 1584 528 1653 facultas
539 1576 659 1655 fuisset.
676 1589 785 1681 ltaque
799 1588 920 1653 utiliter
934 1588 994 1653 boc
1009 1588 1191 1654 institutum

151 1704 223 1753 esta
239 1689 467 1757 recentioribus
485 1693 620 1779 criticis,
641 1710 677 1760 ut
692 1717 709 1759 e
723 1694 885 1759 codicibus
898 1692 1022 1783 seriptis
1036 1692 1192 1784 editisque

151 1792 248 1860 omnis
263 1790 437 1858 lectionum
457 1794 607 1879 varietas,
630 1797 723 1861 etiam
737 1796 901 1861 manifesta
914 1796 1077 1883 scriptura
1091 1796 1189 1881 vitia,

152 1912 328 1961 notarentur
345 1922 352 1956 z
368 1898 453 1962 unde
467 1914 619 1988 quantum
633 1898 780 1964 utilitatis
796 1898 1017 1964 redundaverit
1036 1900 1075 1963 ad
1095 1899 1190 1986 scrip-

153 2013 382 2083 toresveteres,
395 2024 456 2064 non
470 2001 634 2086 ignorant,
651 2003 706 2092 qni
721 2001 754 2066 in
763 2001 813 2065 his
828 2000 925 2067 literis
936 1998 1102 2084 diligenter
1117 2016 1191 2067 sunt

153 2103 270 2169 versati.
291 2104 402 2169 Tacito
420 2105 548 2194 quidem
567 2107 646 2197 quid
669 2107 840 2196 profuerit,
856 2121 887 2171 et
901 2096 1107 2171 antedictum
1122 2120 1190 2190 est,

99 2248 101 2257 ·
151 2222 262 2295 etpost
276 2207 398 2272 dicetur
419 2207 561 2296 planius,
583 2210 640 2274 ubi
663 2209 838 2276 accuratius
859 2210 897 2274 de
917 2208 1063 2273 instituto
1084 2224 1190 2275 nostro

153 2310 272 2376 dicendi
287 2311 374 2375 locus
390 2312 518 2378 venerit.
538 2312 576 2377 Id
586 2328 751 2404 antequam
767 2314 916 2394 lacerem,
932 2311 1040 2393 visum¹
1050 2327 1094 2377 est
1110 2310 1188 2377 dili-

107 2470 110 2477 .
151 2414 271 2499 gentius
282 2415 322 2479 de
333 2413 455 2502 scriptis
467 2415 569 2481 Taciti
580 2416 755 2497 codicibus,
767 2414 801 2478 in
814 2415 983 2505 primisque
998 2415 1189 2481 editionibus

99 2582 101 2595 ,
154 2516 363 2606 superioribus
383 2517 509 2595 dicere;
536 2542 608 2582 cum
633 2542 691 2602 ea,
714 2540 784 2609 qnae
809 2517 848 2582 ab
871 2516 960 2601 aliis,
984 2519 1075 2583 velut
1091 2518 1189 2584 Maii,

152 2622 243 2705 tario,
258 2618 422 2703 Fabricio,
439 2620 554 2684 tradita
568 2636 658 2704 suut,
674 2621 787 2710 partim
804 2621 1001 2709 imperfecta,
1015 2625 1128 2710 partim
1141 2623 1189 2688 vi-

150 2724 224 2789 tiosa
239 2724 426 2808 admodum,
441 2739 523 2789 certe
538 2747 648 2812 parum
663 2724 755 2789 utilia
770 2725 974 2808 cognoverim.
987 2724 1115 2791 Etenim
1125 2726 1189 2793 his-

109 2910 115 2921 ·
150 2829 225 2894 toria
241 2829 416 2894 editionum
430 2850 465 2891 ea
480 2827 605 2892 demum
619 2826 707 2893 utilis
729 2844 790 2911 est,
805 2851 876 2918 quae
896 2830 1005 2913 docet,
1025 2831 1109 2895 unde
1129 2855 1188 2896 cu·

151 2934 262 3024 jusque
277 2948 381 2997 textus
396 2932 509 2996 ductus
524 2930 584 3014 sit,
604 2946 712 2994 utrum
725 2953 763 2996 ex
777 2929 837 2994 alia
852 2932 1002 3020 superiori
1016 2933 1187 3022 repetitus,

150 3058 188 3099 an
202 3059 219 3101 e
235 3034 360 3124 scriptis
374 3034 530 3126 editisque
544 3034 633 3101 libris
648 3033 687 3099 ab
705 3035 815 3100 idoneo
833 3052 958 3100 anctore
979 3038 1158 3104 emendatus
1179 3065 1186 3101 :

151 3139 263 3228 quibus
278 3138 446 3223 ignoratis,
461 3137 543 3204 nihil
563 3139 737 3205 editionum
756 3140 886 3222 notitia,
908 3162 1009 3230 neque
1027 3142 1067 3205 ad
1087 3140 1188 3208 delec-

150 3257 214 3307 tum
229 3242 264 3306 in
278 3243 427 3326 emendo,
442 3267 542 3334 neque
562 3245 601 3309 ad
622 3266 715 3308 usum
729 3243 763 3306 iu
776 3244 967 3309 emendando
984 3243 1189 3334 interpretan-

150 3346 269 3438 doque,
283 3347 431 3435 prodesse
443 3364 555 3436 potest.
580 3348 693 3434 Quid?
713 3349 799 3439 quod
821 3371 902 3437 saepe
921 3347 1033 3413 accidit
1051 3348 1110 3433 iis,
1131 3350 1188 3440 qui

151 3449 205 3517 hoc
217 3451 379 3536 ignorant,
395 3466 450 3515 ant
464 3474 526 3515 non
540 3467 666 3535 curant,
678 3467 713 3516 ut
728 3451 875 3516 carbones
887 3474 943 3539 pro
955 3451 1099 3517 thesauro
1111 3475 1195 3525 eun-¹

152 3555 281 3645 demque
292 3569 415 3619 textum
427 3553 593 3652 aliquoties
603 3572 722 3640 emant,
737 3572 767 3620 et
780 3555 917 3643 pretium
932 3570 1068 3620 statuant
1080 3556 1186 3640 libris,

151 3680 206 3725 oon
222 3657 261 3722 ab
275 3680 357 3740 usu,
374 3678 467 3747 quem
481 3657 554 3723 inde
564 3682 672 3747 capere
689 3656 825 3747 possint,
840 3657 921 3722 seda
934 3656 1055 3742 vulgari
1070 3659 1109 3723 de
1122 3659 1188 3724 edi·

99 3830 101 3835 ,
150 3759 266 3825 toribus
280 3759 449 3849 opinione;
462 3783 555 3850 quam
570 3784 650 3851 saepe
665 3759 787 3843 fallere,
803 3759 905 3825 sciunt
918 3761 1027 3849 periti,
1042 3777 1073 3826 et
1083 3762 1117 3826 in
1127 3763 1188 3827 Ta-

99 3856 101 3873 '
153 3861 431 3955 citoquoquesaepe
438 3862 597 3948 fefellisse,
609 3864 690 3928 infra
699 3864 888 3929 docebimus.
902 3864 964 3929 Sed
974 3863 1054 3929 illud
1065 3860 1185 3954 ipsum,

155 3969 232 4055 quod
246 3965 384 4035 maxime
399 3966 434 4032 iu
446 3967 619 4035 editionum
631 3966 760 4037 historia
770 3966 941 4034 videndum
953 3984 999 4036 est
1007 4019 1017 4054 ,
1031 3991 1119 4037 nemo
1134 3969 1189 4036 do·
