2692 4824
531 290 821 362 usurario.
1152 296 1201 395 vij·
1280 234 1287 259 ’

187 410 216 462 V.
234 414 314 463 etiam
325 412 551 465 RhenannsadA.
562 413 608 476 IV,
620 415 668 480 43,
684 428 713 465 et
728 416 912 485 exeoLipsius
926 415 959 469 ad
974 420 1011 469 A.
1027 419 1069 483 11,
1081 440 1113 490 9,
1129 436 1156 473 ot
1171 426 1198 476 in

155 493 333 561 Diipunonone
340 496 438 548 codicis
443 494 629 547 Mirandulani.
639 495 762 565 Ejusdem
773 498 935 568 antiquitatis
942 518 997 551 esse
1005 498 1074 553 bunc
1081 500 1198 556 codicem

152 594 209 627 cum
224 576 362 630 Pandectis
377 576 544 639 Florentinis,
559 596 590 628 ex
608 578 683 629 simili
699 578 834 649 utriusque
843 576 1027 651 orthographia
1040 582 1145 652 conjicit
1154 586 1197 637 Fr.

153 654 323 711 Tanrcllusin
334 659 497 726 Prcesatione
514 658 627 709 adisses
643 658 806 723 Pandemos,
826 659 866 710 ed.
882 659 954 712 Flor.
965 678 988 712 a.
1002 662 1070 715 1553.
1089 665 1197 717 Petrmn

151 737 304 802 Dareum,
316 743 465 811 episcopum
476 740 648 803 varensem,
660 752 748 791 vetere
763 740 852 792 codiee
866 760 941 793 usum
951 781 959 805 ,
969 756 1079 797 testatur
1088 744 1197 801 Urs'nus

151 820 183 872 ad
192 823 227 874 A.
237 822 285 885 lV,
298 840 337 876 ao.
350 822 511 893 Capiendum
519 822 569 875 hoc
578 822 611 875 de
622 824 740 893 exemplo
748 823 765 873 J
767 822 876 883 ocundi,
889 836 1006 875 autumat
1015 824 1057 877 cl.
1067 826 1179 881 Externa
1187 868 1195 893 ,

151 901 192 952 aed
209 904 266 972 ipse
282 903 394 956 Ursinus
409 924 489 975 quum
503 903 553 957 boc
569 904 725 965 contulerit,
736 923 786 954 non
800 923 865 973 opus
880 902 994 957 babebat
1007 906 1062 974 ejus
1077 922 1196 978 respccm

152 1001 290 1052 provocare
304 984 336 1036 nd
353 986 507 1049 Danesium,
519 1004 597 1056 quem
607 1002 629 1035 a.
644 985 706 1051 1534
718 985 743 1035 in
754 985 828 1036 ltalia
837 998 940 1037 veteres
950 986 1090 1055 scriptores
1098 990 1197 1040 exami-

148 1083 218 1117 nasse
228 1080 340 1119 constat.
351 1069 443 1119 Potius
452 1087 513 1138 ergo
522 1068 699 1120 Florentinum
710 1068 795 1137 ipsum
810 1068 931 1119 lustrasse
945 1069 1072 1137 putarim,
1083 1070 1113 1119 ¹et
1126 1069 1195 1122 buno

152 1165 214 1208 esse,
225 1167 305 1219 quem
314 1150 404 1201 innuat
413 1149 529 1201 Ursinus.
537 1148 631 1201 Pamin
639 1148 724 1211 abest,
732 1151 794 1219 quin
803 1149 943 1201 Maesium
950 1153 1112 1221 exscripsisse
1120 1164 1196 1205 notas

150 1226 261 1281 llbenani
272 1230 374 1294 dicam,
385 1230 449 1282 adeo
459 1232 568 1301 gemella
576 1244 637 1285 sunt
646 1250 703 1303 qnae
713 1231 801 1283 tradit.
890 1264 893 1269 ·

188 1345 281 1412 Alter
295 1346 498 1413 Florentinus
517 1344 608 1429 liber,
630 1345 775 1411 Picbenae
796 1346 934 1435 judicio,
954 1370 982 1412 a.
1006 1347 1042 1413 C.
1064 1372 1190 1415 cccxcv
1258 1426 1262 1439 Ι

148 1450 283 1540 scriptus
298 1466 354 1515 est.
368 1449 473 1535 Quem
482 1449 594 1516 erroris
604 1450 745 1534 coarguit
756 1450 910 1538 scriptura
920 1449 1008 1532 libri,
1022 1473 1093 1542 quae
1107 1450 1191 1517 Lan-

146 1554 314 1641 gobnrdica
334 1571 403 1622 est:
421 1557 506 1621 unde
526 1572 630 1643 patet,
652 1578 723 1620 eum
745 1570 883 1644 tempore
902 1554 1137 1640 Langobardici
1156 1556 1190 1621 in
1218 1552 1223 1559 ¹

149 1658 236 1725 tolia
249 1659 394 1748 imperii,
410 1677 465 1726 aut
474 1659 618 1750 proxime
632 1660 745 1744 secutis
756 1660 897 1744 saeculis,
908 1660 1026 1752 quibus
1038 1662 1194 1751 scriptma

150 1760 384 1852 Langobardica
400 1767 503 1832 adhuc
525 1766 746 1856 usurpabatur,
767 1767 886 1832 decimo
907 1766 1113 1832 undecimove
1131 1790 1191 1831 sar-

151 1868 217 1936 culo
237 1877 252 1957 (
260 1894 334 1935 nam
348 1872 460 1937 certior
475 1871 622 1959 temporis
637 1872 670 1936 in
684 1872 744 1936 hoc
759 1894 870 1955 genere
884 1870 1027 1936 definitio
1045 1894 1109 1937 esse
1129 1894 1192 1936 uon

152 1977 295 2063 potest),
314 1998 332 2039 e
351 1990 453 2041 vetere
472 1975 579 2040 codice
593 1974 786 2062 descriptum
800 1997 875 2040 esse.
892 1973 990 2057 Nam,
1006 1975 1094 2064 quod
1112 1972 1191 2038 sub·

148 2078 349 2168 scriptionem
372 2080 405 2143 in
429 2078 511 2145 calce
531 2079 611 2144 hanc
637 2077 730 2145 babet
753 2105 760 2141 ι
781 2077 857 2168 Ego
877 2079 1050 2148 Sallustius
1074 2081 1143 2167 legi
1158 2092 1194 2142 et
1289 2086 1313 2113 ·'

151 2184 321 2249 enoendavi
338 2183 455 2248 Romae
464 2187 585 2271 felix,
610 2184 735 2250 olibrio
748 2200 782 2247 et
794 2184 938 2249 Prohinc
955 2182 1044 2247 Coss.
1063 2185 1094 2245 in
1104 2184 1192 2270 foro

151 2290 270 2355 Martis
282 2292 518 2355 controversias
532 2290 722 2355 declamans
738 2291 864 2354 oratori
872 2288 1082 2355 Endelecltio.
1099 2288 1190 2353 Rur-

150 2416 196 2458 sus
213 2392 495 2481 Constantinopoli
512 2399 685 2485 recognovi
700 2394 845 2460 Caesario
867 2411 902 2459 et
916 2394 1030 2457 Attico
1047 2390 1135 2459 Coss.
1150 2392 1189 2457 ld

148 2493 224 2562 bene
237 2514 345 2564 monet
358 2498 420 2564 Th.
436 2497 578 2590 Rycliius
593 2502 633 2566 ad
644 2501 686 2566 H.
701 2501 726 2567 l.
742 2501 811 2566 init.
829 2499 935 2565 deberi
951 2497 1081 2564 inscitiae
1097 2495 1191 2562 libra-

147 2600 198 2685 rii,
208 2600 267 2693 qui
278 2623 346 2667 eam
355 2602 614 2692 subscriptionem
624 2620 739 2669 temere
754 2627 772 2669 e
783 2604 890 2669 codice
903 2600 1091 2690 competiit,
1104 2602 1189 2667 uude

149 2704 248 2772 Taciti
261 2704 358 2771 libros
372 2707 599 2795 descripserat;
615 2713 708 2798 cujus
727 2706 846 2791 generis
861 2722 890 2771 et
903 2704 964 2770 alia
977 2702 1117 2792 exempla
1130 2703 1189 2767 ob-

147 2826 263 2877 servata
272 2825 348 2875 sunt
357 2835 376 2875 a
385 2811 462 2876 viris
474 2812 592 2896 doctis,
607 2812 792 2877 nominatim
806 2808 956 2877 Salmasio
969 2834 976 2870 ε
987 2831 1042 2878 nec
1053 2806 1132 2873 bene
1141 2806 1189 2873 vir

146 2914 274 2998 doctus,
286 2915 320 2979 in
329 2914 426 2982 Novo
438 2940 534 3004 opere
547 2919 713 3002 Diplom„
729 2932 752 2980 t.
769 2914 836 2999 lll,
851 2940 883 3003 p.
897 2936 977 3002 279,
989 2910 1075 2976 aliud
1089 2912 1187 3005 hujus

144 3019 263 3103 generis
287 3020 462 3108 exemplum
483 3037 575 3105 negat
596 3021 735 3110 reperiri.
755 3019 828 3084 Job.
850 3020 978 3110 quidem
992 3016 1131 3099 Gerson,
1153 3016 1188 3081 in

145 3118 248 3187 libello
264 3122 307 3186 de
324 3125 423 3188 laude
444 3129 649 3212 scriptorum,
670 3126 704 3191 in
718 3124 892 3214 principio,
907 3144 1064 3212 quarens,
1083 3146 1125 3184 an
1145 3123 1186 3186 Ii-

146 3244 217 3292 ceut
231 3228 347 3292 diebus
349 3230 452 3317 festis
464 3231 602 3294 scribere
612 3221 789 3293 devotionis
803 3229 900 3292 libros
909 3228 1032 3315 gratis,
1048 3247 1183 3291 comme-

145 3347 241 3397 morat
254 3355 353 3417 genus
368 3336 525 3424 quoddam
536 3333 758 3416 scribentium,
774 3333 859 3423 quod
873 3326 1007 3420 appellat
1021 3327 1184 3415 infimum,
1233 3394 1236 3399 ,

144 3438 196 3527 qui
219 3435 345 3505 nullum
363 3440 487 3526 penitus
507 3439 639 3506 babeant
653 3439 843 3504 intellectum
857 3458 980 3517 eorum,
996 3457 1066 3524 quar
1080 3451 1183 3501 trans-

141 3542 279 3625 cribant,
290 3543 348 3633 qui
360 3544 450 3633 quasi
464 3546 597 3633 pictores
610 3544 804 3635 appellentur
820 3550 862 3629 (t.
875 3539 932 3619 II,
945 3538 1030 3625 opp.
1039 3564 1073 3625 p.
1087 3537 1183 3623 694).

139 3642 222 3737 ¹Ejus
238 3647 362 3732 generis
378 3647 541 3736 scriptores
561 3672 633 3713 cum
654 3672 772 3736 semper
791 3642 905 3710 luerint
920 3640 969 3707 vel
982 3645 1183 3729 mercenarii,

142 3749 368 3833 vel-monachi,
383 3774 446 3815 non
461 3768 508 3816 est
521 3752 717 3836 mirandum,
734 3752 759 3817 si
773 3748 895 3813 codices
909 3745 1005 3831 tales,
1018 3747 1183 3837 qualisille

143 3852 341 3922 Florentinus
354 3871 419 3939 est,
435 3857 528 3921 multi
542 3857 615 3923 sacti
632 3875 718 3937 sunt,
740 3876 777 3918 ex
796 3853 897 3942 iisque
912 3852 1093 3945 superstites
1108 3869 1182 3918 sunt

144 3957 243 4047 plmes
264 3987 271 4023 ε
293 3985 351 4028 nee
369 3960 511 4029 dubitem
532 3961 653 4031 codices
670 3956 838 4047 ejusmodi,
861 3958 962 4048 pictos
977 3956 1074 4043 magis
1087 3980 1184 4050 quam·

1064 4130 1073 4177 i
