2692 4824
155 341 1178 388 ssssmfflfflmstmmfflssUSWQWMBMWwSWUMdmfflmssuw

193 470 610 693 nauusrr
652 469 1130 697 ruururro

465 832 576 887 auur
598 792 848 886 nnoouxxn.
885 886 890 893 ,

155 1168 228 1268 Cura
242 1203 387 1271 Suetonii
402 1202 554 1288 Caesares,
569 1219 641 1271 ante
654 1204 712 1270 bos
724 1221 860 1297 quatuor
882 1222 912 1271 et
931 1206 1045 1292 viginti
1068 1230 1180 1295 annos,

152 1309 347 1401 qualicunque
364 1334 439 1376 cura
459 1333 526 1375 mea
547 1310 722 1375 emendatos
743 1309 975 1402 illustratosque
999 1311 1181 1399 edidissem,

155 1417 280 1502 jamtum
296 1430 404 1493 erant,
425 1417 482 1505 qui
503 1415 714 1499 hortarentur,
734 1432 771 1480 ut
791 1416 920 1481 eandem
938 1439 1064 1504 operam
1074 1418 1183 1483 ‚Taciti

153 1517 224 1586 libris
243 1521 465 1610 impenderem
490 1519 570 1605 Sed,
592 1545 664 1587 cum
683 1544 746 1586 non
767 1522 957 1606 ignorarem,
971 1536 1090 1611 quanto
1109 1521 1181 1611 plus

153 1621 247 1690 laboris
268 1649 304 1691 ea
323 1625 358 1688 in
379 1647 413 1689 re
433 1640 668 1713 proponeretur,
684 1648 778 1716 quarn
801 1625 835 1689 in
855 1624 1006 1690 Suetonio
1021 1626 1180 1695 exhausis-

152 1752 217 1813 scm,
232 1729 272 1795 ab
291 1753 328 1794 eo
341 1752 391 1794 me
405 1726 535 1795 consilio
550 1726 774 1795 alienissimum
786 1729 918 1795 ostendi.
939 1728 1038 1814 Nam,
1059 1747 1096 1796 ut
1109 1734 1182 1798 mit-

152 1848 249 1898 terem.
267 1850 387 1924 quanto
398 1831 556 1898 difficilior
567 1832 699 1922 scriptor
711 1848 789 1899 esset
800 1833 944 1916 Tacitus,
956 1850 1074 1924 quanto
1083 1841 1181 1926 major

150 1939 236 2026 operis
257 1937 373 2018 moles3
396 1936 476 2003 illud
494 1938 626 2003 maxime
646 1936 836 2003 incommodi
850 1960 886 2005 ea
901 1938 935 2003 in
948 1962 982 2003 re
996 1962 1079 2023 esso,
1095 1942 1180 2030 quod

150 2045 276 2109 noudum
286 2044 454 2135 quisquam
464 2044 621 2109 editorum
632 2046 828 2132 superiorum
838 2040 897 2108 huc
909 2042 944 2107 iu
952 2062 984 2109 se
991 2041 1106 2109 laboris
1115 2069 1181 2127 sus-

148 2149 286 2237 cepisset,
301 2166 338 2215 ut
352 2150 503 2215 editiones
518 2165 636 2214 veteres
651 2164 793 2213 accurate
807 2148 887 2213 inter
901 2170 933 2213 se
946 2147 1115 2239 conferret,
1131 2166 1179 2235 et,

150 2255 221 2319 unde
236 2252 330 2347 lectio
344 2278 477 2344 quaque
491 2270 563 2319 nata
577 2271 674 2336 esset,
690 2254 886 2332 ostenderet3
901 2276 974 2318 cum
989 2253 1081 2337 satis,
1097 2269 1181 2327 trac·

147 2359 237 2423 tundis
259 2359 560 2450 interpretandisque
581 2357 746 2447 aliquoties
769 2357 872 2422 Taciti
891 2355 998 2440 libris,
1020 2360 1181 2441 cognovis-

147 2484 217 2546 sem,
232 2486 296 2528 non
313 2486 411 2551 pauca
429 2487 493 2528 esse
508 2463 541 2527 in
555 2484 665 2527 eorum
679 2476 846 2543 contextu,
861 2476 898 2525 ut
912 2461 1036 2527 duobus
1049 2462 1179 2552 quidem

144 2565 248 2632 abhinc
262 2565 384 2632 saeculis
404 2566 507 2631 editus
521 2580 618 2648 esset,
640 2587 711 2655 quae
726 2579 839 2629 temere
860 2564 1057 2653 irrepserint,
1080 2588 1137 2630 nec
1161 2590 1178 2632 e

145 2667 225 2735 bonis
237 2671 328 2735 libris
343 2670 483 2737 venerint
506 2694 514 2732 ι
535 2684 582 2733 tot
601 2683 706 2733 autem
724 2665 821 2733 libros
844 2666 893 2733 vel
912 2669 1113 2759 conquirere,
1129 2669 1179 2735 vel

144 2797 327 2864 comparare,
343 2797 438 2865 quam
453 2773 598 2856 difficile,
613 2796 708 2863 quam
721 2770 872 2837 molestiae
881 2771 1010 2861 plenum
1023 2789 1118 2859 esset,
1133 2774 1180 2839 sa-

145 2877 195 2944 cile
205 2878 340 2963 intelligi
354 2903 455 2968 posse.
470 2879 563 2944 Anno
575 2894 678 2943 autem
688 2893 775 2966 post,
789 2901 861 2942 cum
871 2877 950 2941 ratio
961 2877 1178 2943 institutorum

144 3006 275 3049 meorum
290 2984 335 3048 ita
348 2983 490 3066 tulisset,
513 2998 548 3046 ut
567 2980 687 3071 aliquot
701 2979 875 3047 Annalium
887 2979 982 3047 libros
996 2980 1130 3070 publicis
1147 2982 1180 3047 in

144 3085 304 3155 Academia
316 3086 505 3152 lectionibus
518 3110 708 3170 enarrarem,
728 3087 942 3151 animadversa
956 3085 1178 3174 exemplarium

144 3189 172 3254 in
181 3192 316 3257 tabernis
328 3189 462 3255 librariis
472 3190 645 3280 paucitate,
656 3190 735 3255 serio
747 3205 873 3277 rogatus
884 3212 970 3268 sum,
982 3206 1018 3255 ut
1031 3190 1064 3254 id
1075 3191 1178 3257 oneris

143 3295 213 3359 mihi
236 3310 358 3383 paterer
382 3294 500 3385 imponi
523 3311 554 3359 et
577 3316 688 3359 nouam
709 3293 812 3359 Taciti
835 3293 1003 3358 editionem
1025 3317 1174 3359 curarem.

143 3399 274 3489 Recepto
287 3402 412 3466 tandem
427 3400 573 3485 negotio,
587 3416 657 3465 ante
668 3399 771 3464 omnia
782 3420 904 3463 mecum
916 3397 1082 3481 constitui,
1097 3399 1176 3489 quid

143 3505 267 3570 maxime
277 3507 431 3589 agendum
439 3559 447 3589 ,
455 3505 533 3597 qnid
546 3504 665 3571 consilii
676 3501 1109 3595 sequendumputarem.Etsi
1121 3526 1177 3568 au-

144 3623 198 3673 tem
217 3609 379 3694 videbam,
399 3633 478 3675 nova
500 3609 637 3674 editione
651 3609 690 3674 iis
704 3609 837 3674 maxime
849 3606 1026 3675 consultum
1044 3607 1103 3690 iri,
1118 3608 1177 3697 qui

144 3711 293 3778 inTacito
309 3713 438 3798 legendo
452 3712 549 3779 aliena
568 3737 627 3802 ope
644 3712 816 3797 indigerent
831 3739 837 3774 :
853 3727 956 3778 tamen
968 3712 1013 3776 ita
1026 3733 1075 3774 mc
1088 3733 1175 3775 com-

143 3817 259 3903 paravi,
281 3834 319 3884 ut
343 3843 406 3884 non
426 3818 502 3884 huic
515 3820 607 3885 modo
621 3818 666 3884 rei
681 3818 884 3884 satisfacerem
898 3840 955 3906 pro
968 3815 1106 3898 viribus,
1121 3815 1175 3879 sed

144 3920 230 3987 ctiam
243 3947 346 4012 operae
362 3922 503 4019 aliquid,
526 3923 552 3989 si
567 3946 705 4014 possem,
720 3944 864 3987 nauarem
877 3920 987 3987 Tacito
1008 3918 1088 4008 ipsi,
1110 3918 1175 3983 sire

145 4026 240 4111 patim
251 4027 292 4096 iis
300 4079 311 4116 ‚
327 4026 385 4120 qui
399 4027 576 4116 interpretis
590 4024 707 4094 auxilio
721 4026 967 4095 non-admodum
980 4022 1175 4109 indigerent,

972 4146 1000 4180 a·
