2692 4824
248 309 331 402 mn
644 285 887 376 nnnnsrr'

218 455 222 461 ·
249 456 314 499 rere
331 427 500 512 Rhenano,
515 428 568 494 cui
580 425 679 518 hujus
694 430 838 495 editionis
853 425 1030 517 exemplum
1048 449 1104 517 pro
1120 424 1188 493 basi
1206 426 1288 514 fnit,

248 560 331 625 saepe
340 536 379 601 ed
391 557 494 600 omnes
506 533 638 598 editores
653 549 816 624 sequentes
828 548 996 624 propagata
1006 547 1096 616 sunt,
1110 533 1204 597 modo
1216 555 1291 597 con·

248 641 377 731 jecturis
391 654 524 722 tentata,
544 638 742 704 modoetiam
757 639 899 723 defensa,
915 654 952 703 ut
969 652 1050 703 notae
1069 652 1183 701 nostroe
1201 635 1291 701 doce·

249 744 340 812 bunt.
362 740 451 808 Hanc
465 742 633 808 editionem
646 741 776 809 Alcinoi
788 748 894 809 vocavi
912 742 1036 832 potius,
1056 764 1152 832 quam
1174 740 1202 805 F
1203 738 1292 807 robe·
1312 815 1315 821 ,

250 850 315 931 nii,
333 862 369 912 ut
386 846 632 930 distingueretur
645 869 663 910 a
675 850 802 930 ceteris,
820 869 898 937 quas
916 844 1092 910 Frobenius
1107 845 1218 925 dedit3
1241 868 1292 940 ca·
1326 862 1336 945 ,⁴

32 1034 36 1041 Ι
249 972 454 1040 veremnsque
479 947 655 1013 confusioni
683 950 876 1015 diversorum
898 946 1110 1037 exemplorum
1133 946 1293 1013 Frobenii.
1328 956 1336 1033 i

20 1110 23 1117 .
73 1122 77 1131 ,
250 1043 282 1120 J.
300 1054 478 1120 Gronovius
491 1050 625 1118 subinde
638 1052 807 1119 editionem
820 1048 847 1116 F
850 1050 973 1117 robenii
990 1051 1114 1135 laudat,
1128 1052 1184 1117 sed
1197 1050 1293 1117 intel·

165 1142 174 1160 ⁵
250 1156 322 1243 ligit
341 1179 425 1239 eam,
444 1177 536 1246 quam
556 1177 612 1220 nos
630 1155 775 1237 Rhenani
796 1156 962 1223 secundam
982 1177 1126 1221 vocamus
1146 1181 1154 1216 z
1173 1155 1213 1221 de
1231 1179 1293 1249 qut
1333 1146 1336 1227 ¹;

251 1282 325 1326 mox
336 1260 514 1326 dicendum.
1229 1324 1291 1351 -.···
1319 1304 1336 1371 't'

296 1364 358 1429 Sed
369 1379 457 1447 ante,
477 1385 572 1454 quam
585 1363 624 1429 ad
643 1380 757 1433 ceteras
772 1364 982 1433 Frobenianas
995 1365 1150 1430 editiones
1168 1364 1300 1449 anecd&
1316 1368 1336 1442 ²}

253 1490 341 1552 mus,
353 1468 585 1557 interponamus
601 1469 722 1561 aliquid
738 1469 779 1537 dc
791 1470 928 1539 editione
939 1473 1093 1546 Junn'nn,
1111 1469 1147 1534 F
1143 1466 1296 1537 lore'nttoe

254 1599 285 1638 u.
304 1573 422 1661 1527-tt
442 1574 522 1639 sacta
537 1600 544 1642 :
562 1580 654 1666 cnjus
670 1574 862 1666 exemplum,
877 1584 948 1666 Post
968 1575 1137 1642 editionem
1156 1591 1296 1643 nostram

253 1677 400 1766 primam,
421 1701 438 1742 e
459 1675 648 1747 bibliotheca
668 1678 884 1748 Schwarziana
906 1680 940 1744 in
960 1693 1096 1745 nostram
1118 1683 1217 1745 venit.
1237 1678 1296 1744 Est

253 1797 358 1848 antem
368 1796 472 1847 textus
481 1781 502 1846 J
503 1782 634 1847 untinns
647 1798 791 1872 sumptus
802 1808 819 1849 e
830 1781 1012 1850 Beroaldina
1021 1835 1028 1866 ,
1037 1785 1129 1875 cujus
1142 1797 1173 1846 et
1185 1781 1296 1870 praesa-

254 1888 300 1951 tio
322 1889 454 1975 repetita
476 1902 522 1951 est
544 1908 615 1952 cum
635 1885 751 1952 notulis
772 1890 806 1952 in
826 1885 921 1953 libros
940 1888 1098 1978 quinque,
1120 1889 1297 1974 primumn
1335 1890 1336 1897 ’

253 1987 403 2055 Beroaldo
427 1991 556 2055 editos:
579 1990 632 2057 sed
654 1991 811 2056 interdum
829 2005 986 2057 correctus
1008 1989 1047 2055 ab
1070 1989 1153 2053 Ant.
1177 1989 1296 2055 Frons.

259 2094 300 2163 V
296 2094 462 2160 arcltiensi.
480 2093 559 2158 Nam
577 2116 608 2159 se
622 2093 700 2159 dicit
716 2094 805 2159 edere
816 2093 911 2161 libros
924 2094 1064 2185 quinque
1078 2116 1178 2182 nuper
1189 2093 1298 2161 inven-

255 2214 303 2265 tos
321 2220 394 2263 cnm
412 2195 542 2286 reliquis
564 2201 631 2286 ejus
654 2195 818 2286 operibus,
840 2221 859 2262 a
879 2197 963 2280 Phil.
984 2195 1133 2264 Beroaldo
1153 2202 1297 2288 juniore,

255 2306 323 2368 viro
336 2302 385 2367 sni
403 2299 509 2367 saeeuli
525 2301 752 2386 eruditissimo,
771 2317 841 2367 ante
860 2307 1045 2387 castigatos,
1061 2325 1134 2367 mox
1144 2323 1218 2367 vero
1232 2325 1251 2367 a
1265 2324 1299 2369 se

254 2407 370 2473 iterum
380 2409 530 2490 cognitos.
544 2405 582 2470 ln
592 2427 673 2496 quo,
692 2403 809 2470 clarum
820 2422 881 2490 est,
894 2404 992 2489 nihil,
1007 2421 1121 2496 praeter
1132 2408 1300 2473 correctio·

256 2534 310 2576 nes
322 2513 471 2576 vitiorum
484 2509 800 2600 typographicorum,
816 2509 949 2596 intelligi
964 2533 1073 2598 posse,
1088 2526 1143 2574 aut
1157 2533 1228 2601 qnae
1247 2513 1299 2575 in-

256 2614 347 2699 genio
366 2615 454 2679 sactae
472 2629 572 2678 essent
586 2615 853 2706 conjecturisque,
866 2614 922 2680 ubi
934 2615 1001 2704 ipse
1012 2611 1134 2705 aliquid
1145 2613 1218 2679 vitii
1235 2637 1302 2681 esse

256 2733 390 2807 putaret.
405 2718 516 2809 ltaque
532 2718 677 2784 editionis
692 2717 789 2808 hujus
803 2722 931 2785 criticus
949 2741 1025 2784 usus
1037 2716 1144 2785 nullus
1158 2733 1215 2784 est.
1224 2717 1301 2785 Nec

256 2821 337 2888 forte
353 2822 425 2911 plns
440 2838 486 2887 est
500 2822 533 2886 in
544 2823 681 2888 editione
695 2821 875 2890 Florentina
892 2821 1006 2906 altera,
1028 2845 1099 2912 quae
1119 2844 1199 2887 anno
1216 2822 1300 2887 1552

256 2926 447 3010 adsignatur.
472 2925 533 2991 Sed
553 2931 621 3016 ejus
645 2923 726 2990 nihil
748 2928 809 2990 nisi
830 2925 984 2991 indicium
1003 2926 1132 3009 dedere,
1153 2929 1210 3016 qni
1231 2949 1304 3008 earn

151 3104 154 3112 ,
258 3024 536 3096 commemorarunt
552 3057 558 3093 :
572 3055 629 3096 nec
641 3036 709 3121 ejus
721 3028 895 3119 exemplum
908 3031 987 3097 mihi
999 3054 1135 3120 unquam
1152 3031 1212 3096 snb
1223 3055 1303 3098 ocn-

258 3131 304 3200 los
315 3152 370 3200 sut
383 3139 416 3199 in
432 3159 541 3200 manus
558 3142 655 3201 venit.
672 3136 846 3202 Redeamus
862 3159 933 3221 ergo
951 3139 984 3203 in
996 3135 1197 3202 Germaniam
1215 3138 1304 3203 etad

258 3231 616 3306 Basileenseseditiones.

303 3344 539 3427 Recognitionis
561 3345 657 3428 igitur
678 3369 696 3409 a
717 3344 870 3410 Rhenano
890 3346 978 3411 factae
1000 3342 1138 3433 exempla
1163 3347 1305 3434 primum

259 3448 402 3536 prodiere
414 3449 448 3513 in
459 3450 566 3514 eadem
578 3448 656 3514 urbe
666 3473 693 3513 a.
709 3449 810 3533 1533,
829 3473 866 3516 ex
876 3452 1043 3540 eademque
1052 3451 1176 3515 officina
1187 3448 1306 3517 Frobe-

260 3556 370 3636 niana,
381 3550 440 3618 hoc
451 3551 546 3618 titulo
560 3578 566 3612 ε
580 3554 623 3618 Ρ.
633 3552 778 3617 Conzelii
788 3555 896 3618 Taciti
905 3557 1021 3643 equitis
1030 3578 1110 3618 rom.
1122 3552 1306 3619 Annalium

261 3656 303 3719 ab
325 3679 461 3722 excessu
479 3657 626 3746 Augusti
645 3660 809 3744 sicutipse
830 3674 943 3738 vocat,
965 3662 1030 3722 sive
1052 3659 1212 3737 Historiae
1229 3657 1308 3723 Au·

260 3776 381 3849 gustus,
402 3763 458 3849 qui
475 3764 577 3850 vulgo
597 3779 743 3848 receptus
761 3765 872 3826 titulus
892 3777 960 3842 est,
979 3763 1059 3827 libri
1073 3763 1229 3844 sedecim,
1249 3765 1311 3853 qni

263 3881 448 3951 supersunt,
457 3869 578 3953 partim
592 3867 680 3932 leand
692 3869 867 3932 oscitanter
874 3871 1029 3954 perlecti,
1039 3869 1163 3955 partim
1170 3916 1179 3949 ,
1190 3891 1306 3954 nempe

261 3972 471 4055 posteriores,
495 3972 542 4037 ad
560 3973 735 4058 exemptor
756 3973 1004 4058 manuscriptum
1018 3972 1176 4061 recogniti
1184 3994 1307 4061 magno
