2692 4824
152 360 1169 414 mmmmmmmmmmmmuumwmmm

187 654 601 853 sacrorn
644 635 1113 811 sarorio.

610 1098 614 1105 x

151 1305 395 1444 Eiorsrmo
422 1359 588 1442 Tacrro
616 1360 783 1440 tertium
813 1360 969 1445 edendo
997 1393 1171 1448 manum

148 1503 361 1591 admoverat
390 1507 454 1590 vir
484 1505 769 1588 celeberrimus
784 1538 805 1608 ,·
829 1510 1088 1622 antiquarum
1117 1513 1170 1595 li'-

147 1665 305 1733 terarum
314 1671 436 1734 stator
447 1653 620 1734 eximius
627 1713 642 1757 ,
656 1651 691 1732 F
694 1683 781 1734 nro.
801 1653 1168 1764 Ano.WoLr1ns‚

148 1796 288 1881 inalma
304 1799 469 1881 Halensi
480 1799 699 1883 Academia
711 1828 848 1909 graecae
858 1800 1007 1909 linguae
1020 1804 1174 1912 profes-

146 1969 209 2041 sor,
237 1974 408 2056 remque
430 1944 482 2025 ad
500 1943 721 2025 Annalium
746 1943 841 2024 libri
861 1944 1027 2026 secundi
1052 1966 1173 2059 caput

99 2136 101 2143 ·
149 2091 188 2192 24
205 2090 458 2201 perduxerat.
485 2089 538 2170 Ei
563 2089 679 2169 altius
705 2087 800 2170 dein
823 2090 1008 2172 molienti
1037 2094 1172 2175 consi-

147 2231 254 2340 lium,
276 2236 406 2320 Taciti
435 2236 600 2346 proprio
622 2234 751 2317 Marte
774 2234 1004 2318 elaborandi
1023 2229 1064 2319 'et
1090 2240 1172 2319 cria

146 2383 209 2464 tico
238 2383 431 2495 adparatu
462 2381 713 2486 instruendi,
743 2385 1059 2466 succenturiatus
1094 2415 1170 2495 ego

146 2531 274 2640 optimi
291 2530 369 2614 viri
386 2547 605 2641 postremas
623 2527 895 2609 adnotationes
919 2561 942 2610 a
964 2529 1066 2609 meis
1086 2527 1173 2610 dis-

99 2658 101 2665 *
146 2675 253 2778 tinxi,
268 2677 389 2791 inque
403 2673 663 2786 sequentihus
677 2673 762 2786 ejus
775 2675 958 2783 vestigia,
972 2693 1172 2786 quantum

99 2866 101 2871 ·
145 2849 205 2930 pro
231 2822 380 2932 ingenii
403 2820 677 2902 mediocritate
704 2820 839 2922 licuit,
863 2820 991 2929 legere
1018 2818 1169 2902 studui.

99 3028 101 3037 .
145 2966 199 3049 Ad
213 2967 255 3048 id
268 2988 404 3051 autem
417 2970 565 3080 negotii
579 2969 647 3052 vix
661 2996 1202 3079 accesseram‚quumeccefl

146 3111 258 3195 codex
274 3114 494 3218 Budensis,
510 3143 592 3228 qno
607 3132 696 3197 ante
710 3113 797 3196 haec
810 3113 885 3193 tria
901 3113 1046 3194 saecula
1063 3112 1173 3193 Bri-

146 3287 210 3342 ros
247 3258 477 3344 Rannonns
509 3261 634 3342 fuerat
669 3289 788 3362 usn,
825 3260 976 3370 quique
1011 3257 1173 3338 dudum

113 3376 116 3381 ¹
144 3403 345 3511 putabatur
366 3404 621 3517 deperditu5‚
641 3406 755 3517 quasi
782 3403 894 3486 Deus
916 3435 965 3486 ex
986 3403 1174 3485 machina

143 3547 235 3629 mihi
249 3548 410 3632 adstitit.
426 3551 539 3632 Eum
550 3579 645 3660 ergo
654 3549 932 3632 munificentia
944 3550 1022 3635 viri
1034 3549 1174 3631 eximii

143 3697 365 3808 strenuique
385 3695 482 3777 belli
503 3695 618 3778 ducis
640 3695 857 3782 Doasnrrr
869 3759 881 3799 ,
904 3696 1174 3777 tormentariae

142 3841 190 3920 rei
206 3872 279 3954 per
297 3840 477 3924 Galliam
496 3842 671 3952 praefecti
681 3904 693 3944 ‚
716 3841 768 3924 ad
780 3872 907 3953 quem
922 3841 1176 3923 haereditario
1299 3890 1302 3895 ·

142 3978 216 4091 jure
226 4008 486 4102 pervenerat,
502 4008 716 4105 acceptum
728 3988 778 4074 de
792 4017 900 4076 novo
915 3986 1089 4091 contuli,
1105 4017 1176 4068 ne·

268 4157 282 4198 Ι
291 4181 300 4199 0
