2692 4824
512 309 808 383 rnAErtrlo.
1148 318 1181 392 ix

146 429 312 498 superiorem,
321 428 464 501 etquidem
473 431 597 485 immenso
606 435 742 488 intervallo
751 477 758 499 ‚
773 434 865 488 statuit
877 434 893 485 J
895 433 1092 492 ac.'Gronovius
1102 440 1135 495 ad
1144 442 1179 497 11.
1265 486 1270 493 .

145 511 157 563 I
163 551 169 573 ,
179 530 216 580 77.
231 511 272 563 Ex
282 530 335 564 uno
344 512 396 564 isto
406 525 431 563 et
442 514 560 581 primitus
571 529 693 586 corrupto
703 515 804 569 codices
814 536 901 570 omnes
907 537 960 570 esse
969 535 1137 593 propagatos,
1146 522 1180 576 de

145 611 190 663 qao
198 593 256 647 heic
265 592 384 659 dubitat,
402 595 457 666 ipse
464 596 568 650 inferius
578 596 670 650 validis
679 601 835 669 argumentis
845 598 962 653 adstruit.

182 724 257 791 Post
269 725 327 790 hos
342 725 553 815 principatum
566 742 671 792 tenent
684 729 807 794 codices
827 726 982 796 Vaticani
996 738 1088 818 (nam
1101 732 1178 824 Lip-

145 828 218 895 sium
231 829 379 918 pluribus
394 855 503 916 usum,
520 855 580 896 non
595 857 678 917 uno,
695 849 732 899 ut
744 833 871 920 colligas
885 860 923 903 ex
936 860 993 922 eo,
1012 840 1098 931 quod
1114 841 1179 908 iere

147 933 342 1001 Vaticanum
356 937 497 1003 codicem
509 935 634 1021 laudat,
646 955 730 1029 patet
743 964 781 1006 ex
796 957 869 1007 nota
885 942 926 1007 ad
937 938 1060 1028 Dialog.
1070 946 1109 1010 de
1120 945 1178 1013 Or.

146 1039 209 1106 init.
222 1065 301 1104 nam
315 1041 486 1109 Vaticanis
497 1042 631 1125 aberat,
647 1045 700 1109 sed
713 1066 777 1108 uno
788 1067 824 1110 ex
839 1045 907 1129 his,
926 1047 1094 1136 antiquiori
1104 1047 1179 1134 illo,

145 1160 178 1208 ut
190 1143 344 1234 appellat,
369 1146 402 1210 in
423 1147 552 1235 primis)
570 1163 600 1213 et
620 1148 863 1227 Farncsianas;
883 1174 1018 1241 quorum
1035 1168 1180 1241 excerpta
1238 1180 1241 1187 ·

146 1244 287 1337 lipsium
302 1249 467 1335 habuisse,
484 1249 584 1343 iisque
609 1253 754 1343 adjutum
776 1275 841 1319 esse
859 1253 891 1318 in
906 1256 1096 1320 emendando
1116 1256 1178 1321 Ta·

145 1352 221 1437 cito,
244 1353 318 1418 satis
343 1377 382 1419 ex
403 1356 470 1441 ejus
491 1356 710 1420 commentario
725 1370 853 1421 constat.
868 1355 985 1448 Optem
1001 1382 1073 1424 cum
1091 1358 1179 1426 Gru-

147 1471 203 1521 tero
219 1456 283 1540 (a'd
300 1455 384 1522 Hist.
400 1457 456 1541 IV,
472 1458 554 1541 86),
571 1472 607 1521 ut
621 1457 732 1547 Lipsio
746 1475 801 1545 aut
812 1458 866 1523 alii
880 1461 1004 1527 cuidam
1017 1462 1180 1530 varietates
1271 1540 1279 1549 ,

145 1582 245 1626 omues
257 1560 372 1626 horum
391 1560 554 1644 codicum,
572 1561 665 1625 etiam
684 1561 761 1627 vitia
783 1561 1000 1649 librariorum,
1019 1588 1182 1655 excerpere

146 1679 172 1729 ct
184 1663 318 1729 editioni
330 1687 394 1730 suae
411 1665 580 1755 adjungere
597 1662 773 1752 placuisset.
789 1666 850 1731 Sed
867 1667 899 1732 id
915 1684 1088 1757 temporum
1102 1669 1194 1736 isto·'

147 1792 210 1834 rum
224 1768 360 1834 rationes
373 1793 434 1833 non
449 1768 603 1855 ferebant,
619 1785 656 1835 ut
671 1785 743 1835 ante
756 1770 833 1835 dixi.
848 1770 896 1836 Ne
914 1772 1042 1837 sormam
1053 1773 1181 1864 quidem

145 1874 304 1957 codicum,
320 1873 523 1961 scripturam,
540 1888 662 1939 aetatem
671 1924 680 1956 ,
695 1873 729 1936 in
742 1888 789 1938 tot
811 1873 999 1939 editionibus
1021 1877 1180 1965 prodidit,

144 1978 225 2069 quod
239 1978 352 2043 merito
369 1979 497 2043 miratur
510 1977 576 2043 Jaa.
588 1976 727 2045 Gronov.
742 1979 781 2043 ad
796 1979 879 2044 Ann.
895 1979 929 2062 Ι,
949 2005 975 2044 ι.
991 1978 1133 2045 Norisius
1148 1980 1182 2073 in

144 2074 283 2171 Epochis
298 2083 492 2170 Syro-Mac.
507 2082 590 2149 Diss.
606 2083 674 2167 ΙΙΙ,
690 2109 722 2172 p.
744 2081 823 2166 ι84,
840 2083 888 2147 ed.
910 2082 998 2172 Lips.
1015 2099 1077 2148 tres
1090 2083 1181 2151 codd.

143 2184 242 2252 Vatia.
266 2203 505 2271 commemorat,
526 2187 663 2275 primum
685 2186 766 2251 inter
784 2185 955 2252 Urbinates
975 2210 1005 2253 ιι.
1031 2186 1112 2271 585,
1133 2210 1182 2255 se-

142 2292 280 2356 cundum
296 2305 325 2355 et
340 2290 467 2356 tertium
482 2314 514 2357 n.
534 2289 615 2376 1958
632 2307 663 2357 et
678 2289 775 2371 3405.
797 2289 840 2355 Hi
854 2291 919 2356 duo
932 2315 972 2356 an
988 2292 1102 2360 diversi
1118 2293 1182 2375 sint

143 2395 295 2460 aduobus
309 2394 549 2479 recentioribus,
561 2416 640 2485 quos
651 2393 913 2459 Montcfalconius
925 2418 956 2491 n,
976 2395 1078 2479 ι863,
1100 2395 1184 2477 ι864

140 2499 298 2584 ¹adsignat,
314 2498 425 2564 nescio.
440 2497 501 2564 Sed
518 2498 675 2564 Broterius
692 2499 729 2563 V.
746 2498 783 2564 C.
799 2516 933 2588 quatuor
946 2498 1081 2590 reperit,
1104 2490 1183 2591 quoss
1290 2560 1292 2565 .

142 2627 210 2667 rum
219 2602 454 2693 antiquissimus
465 2624 534 2669 saec.
547 2601 628 2668 XIV
644 2603 771 2669 extremi
785 2602 952 2670 videretur.

173 2737 293 2790 Contulit
304 2738 333 2790 V
331 2739 445 2790 aticanos
455 2738 556 2792 codices
563 2741 650 2791 ncscio
659 2741 716 2811 quis
726 2752 785 2790 ante
793 2740 923 2809 Lipsium,
938 2738 982 2790 sed
992 2738 1130 2792 admodum
1138 2759 1184 2794 ne·

142 2818 277 2891 pligenten
289 2818 358 2890 quod
368 2823 389 2873 is
399 2822 516 2891 queritur
527 2819 559 2873 ad
569 2823 603 2873 A.
614 2821 686 2884 XIV,
697 2826 720 2875 8.
731 2822 829 2873 inistis
842 2820 976 2872 Vaticanis
986 2835 1104 2873 censetur
1116 2842 1184 2877 nunc

142 2918 168 2955 n.
179 2903 256 2969 1864,
267 2902 438 2952 Farnesiaaas
447 2916 533 2964 antea,
543 2921 653 2974 quemne
663 2901 786 2956 beneficio
796 2903 880 2954 Fulvii
891 2900 979 2954 Ursini
988 2901 1110 2971 adeptum
1121 2904 1184 2976 Lip-

134 2983 284 3037 -tinsrefert
298 2996 324 3035 et
342 2982 375 3034 ad
391 2985 425 3034 A.
442 2983 520 3047 XIII,
541 2986 580 3039 36.
596 2988 741 3036 Romanam
758 2984 831 3036 dicit.
849 2984 976 3035 Exaratus
991 3002 1046 3035 saec.
1064 2983 1126 3035 XIV
1141 3000 1185 3038 ant

142 3064 245 3117 iactante
256 3062 313 3126 XV,
323 3062 504 3133 complectitur
515 3065 628 3116 Annales
637 3063 696 3118 inde
706 3063 739 3115 sb
748 3063 785 3113 XI
796 3076 820 3114 et
837 3063 1008 3115 Historiarum
1022 3064 1111 3116 libros.
1128 3065 1185 3137 Op-

144 3144 211 3199 tima
225 3157 294 3195 notas
303 3158 350 3196 est.
366 3145 501 3196 Lectiones
511 3163 542 3195 ex
553 3163 583 3196 eo
593 3144 747 3213 excerpsisse
756 3143 879 3194 Iacobum
887 3142 1025 3193 Corbinclli
1033 3156 1058 3195 et
1068 3147 1185 3215 exemplo

145 3224 297 3280 Beroaldino
311 3224 490 3295 adscripsisse,
507 3225 639 3278 Broterius
657 3226 744 3277 refert.
760 3223 908 3277 NovIssime
926 3243 984 3275 eum
1002 3225 1112 3294 inspexit
1130 3226 1185 3279 Jac.

147 3307 301 3361 Gronovius.
310 3305 378 3359 Sunt
386 3321 411 3358 et
421 3308 544 3359 Vaticani
548 3308 701 3360 recentiores
709 3307 752 3357 alii
758 3344 766 3369 ,
774 3326 799 3358 n.
809 3306 885 3377 2965,
894 3303 1107 3385 scriptusGenuae
1116 3306 1186 3377 1449,

148 3389 321 3541 οῑιῙΙιιΙΙΙῗιΙιῗΙιιε
330 3467 373 3519 hic
382 3467 463 3519 codex
473 3430 612 3519 Genaensis
618 3506 627 3532 ,
642 3467 773 3519 adbibitus
788 3450 896 3537 ipse‘aut
906 3468 959 3537 ejus
969 3467 1058 3518 similis
1069 3466 1187 3520 aPuteo-

147 3553 201 3605 lano
216 3554 243 3604 in
258 3550 372 3602 editione
386 3567 440 3603 sua.
456 3550 484 3601 Is
492 3550 605 3619 plurium
615 3546 822 3619 apographorum
833 3566 926 3617 parens
933 3549 1032 3609 iactus,
1044 3560 1074 3598 ut
1083 3546 1188 3600 Vatica-

149 3653 236 3686 norum
244 3653 270 3685 n.
281 3630 347 3703 29b5
358 3643 384 3683 et
396 3630 472 3701 1958,
486 3632 550 3683 item
558 3631 737 3682 Oxartiensiam
745 3669 752 3695 ,
762 3629 796 3681 de
806 3628 900 3700 quibus
910 3629 998 3699 paullo
1008 3629 1120 3680 inferius.

186 3766 320 3856 Lipsius
333 3762 427 3829 etiam
442 3762 548 3828 laudat
569 3763 727 3827 interdum
750 3762 889 3825 codicem
910 3762 1110 3847 Hispanam,
1132 3759 1190 3849 qui

150 3870 205 3936 luit
217 3871 449 3945 Conarravioe,
460 3867 480 3931 J
481 3866 534 3932 Cti
549 3866 720 3933 clarissimi.
732 3868 819 3933 Idem
834 3865 926 3930 etiam
940 3864 1129 3930 mentionem
1143 3862 1190 3927 sa·

151 3976 189 4042 cit
199 3978 319 4044 codicis
332 3975 484 4043 Sambatai
489 4024 500 4054 ,
516 3996 611 4066 quem
623 3997 641 4038 a
654 3997 686 4039 se
700 3970 880 4040 consultum
889 3969 968 4037 dicit
977 3992 1070 4059 super
1081 3965 1189 4061 aliquo
1223 3970 1226 3975 ’
