2692 4824
524 339 812 425 PRAEFA-Tlo.
1114 339 1182 434 xliii

162 492 166 506 ·
189 458 228 526 J.
239 459 284 527 G'.
300 459 449 528 Graevius
465 460 671 548 existimabat,
686 465 788 532 Taciti
805 464 901 530 libros
912 464 1013 530 adhuc
1023 460 1111 545 valde
1122 486 1186 530 esse

103 616 108 631 .
160 567 335 650 mendosos,
363 565 596 661 mirabaturque
619 568 763 661 Lipsium
786 572 825 637 de
845 567 921 636 locis
946 567 1099 634 mendosis
1122 582 1186 634 tam

148 691 221 733 raro
231 671 428 737 admonuisse
438 672 472 737 in
480 676 697 741 commentario
708 699 764 742 suo
777 702 783 737 z
795 675 828 739 in
839 699 888 761 ep.
898 675 944 738 ad
950 675 1065 739 Heius.
1078 687 1100 736 t.
1112 670 1185 751 IV;

143 770 284 839 ,Cottam
311 777 425 842 Bam.
447 800 480 866 p.
505 774 580 863 498.
608 779 712 845 Recte.
737 777 846 869 Neque
865 778 900 843 'id
922 775 1073 842 librorum
1093 773 1186 838 modo

150 881 337 969 scriptorum
349 879 430 945 rit'io
443 881 572 966 accidit,
586 877 721 973 quorum
733 882 827 948 etiam
840 882 977 971 optimus
993 880 1126 971 quisque
1135 878 1185 942 vi-

117 1043 122 1047 .
147 982 248 1052 tiosus
261 983 370 1051 multis
383 982 460 1051 loeis
473 1000 505 1051 et
517 986 719 1076 interpolatus
732 1003 777 1053 est
790 1038 798 1070 ,
813 1002 849 1053 ut
863 1007 954 1076 supra
964 984 1116 1066 vidimus,
1127 1004 1185 1046 no-

149 1101 253 1177 taeque
264 1090 406 1155 virorum
416 1091 580 1156 doctorum
593 1114 655 1155 non
667 1112 730 1155 uno
741 1089 807 1156 loco
817 1091 943 1172 docent,
956 1086 1112 1156 sedetiam
1122 1085 1187 1152 edi-

117 1182 124 1201 '
151 1205 273 1276 torum,
287 1193 361 1285 qui,
376 1193 523 1283 exemplis
541 1194 696 1261 veteribus
713 1217 775 1259 non
791 1192 953 1279 diligenter
969 1181 1188 1280 conquirendis

151 1296 530 1389 comparandisque,vitia
539 1322 702 1387 operarum
711 1321 773 1364 non
784 1298 992 1364 animadversa
1002 1314 1188 1384 propagave-
1284 1293 1286 1297 ⁴

152 1414 238 1463 runt.
251 1399 365 1490 Itaque
380 1400 453 1466 dedi
465 1423 606 1491 operam,
620 1417 675 1485 ut,
694 1402 796 1492 quoad
811 1399 971 1485 diligentia
986 1397 1185 1465 conserenda-

149 1520 223 1601 rum
242 1519 384 1569 veterum
400 1505 572 1570 editionum
590 1507 656 1572 fieri
670 1521 789 1596 posset,
808 1506 1002 1594 perficerem,
1016 1524 1055 1568 ne
1072 1499 1111 1567 ab
1127 1499 1186 1569 hac

150 1603 373 1697 'parte‘aliquid
384 1609 588 1693 omitteretur,
603 1632 665 1699 quo
674 1608 862 1675 emendatior
873 1605 1002 1674 Tacitus
1013 1605 1103 1671 reddi
1112 1626 1185 1694 pos-

141 1698 205 1781 ·ae't.
223 1706 270 1773 Et
282 1705 374 1775 libris
383 1711 477 1776 editis
487 1711 615 1803 quidem
624 1732 700 1778 usus
714 1735 782 1778 sum
795 1710 955 1795 omnibus,
974 1709 1030 1801 qui
1044 1709 1187 1798 prodesse

153 1824 295 1897 poterant
302 1862 312 1894 ,
327 1810 386 1878 hoc
397 1811 512 1898 estiis,
523 1808 563 1880 de
574 1813 689 1904 quibus
700 1813 902 1879 antedictum
915 1827 979 1896 est,
991 1833 1188 1903 quorumve-

154 1911 332 2003 rietatibus,
355 1930 472 2004 quanta
494 1918 585 2006 potui
607 1915 793 2002 diligentia,
817 1916 981 1999 notandis,
1005 1928 1188 1980 consecutus

155 2011 243 2101 sum,
263 2034 301 2084 ut
323 2042 386 2084 non
408 2020 500 2085 modo
518 2018 627 2088 multis
646 2019 721 2087 loeis
738 2022 768 2086 T
769 2021 884 2087 acitum
900 2020 986 2086 vitiis
1006 2040 1187 2109 operarum,

156 2135 264 2187 temere
277 2145 335 2210 per
347 2120 460 2188 multas
471 2123 621 2192 editiones
634 2125 829 2215 propagatis,
843 2124 1022 2207 liberarem,
1033 2123 1085 2190 sed
1096 2121 1188 2189 etiam

157 2223 271 2311 origine
283 2229 438 2317 cujusque
447 2223 586 2293 lectionis
596 2242 814 2318 reperta,quae
826 2226 935 2295 melior
946 2226 1190 2316 esset,judica1e

158 2349 284 2415 possem.
301 2327 419 2393 Vellem
438 2330 601 2420 equidem,
623 2346 659 2394 ut
677 2331 756 2395 mihi
776 2330 914 2399 licuisset
925 2332 1045 2398 codices
1058 2331 1190 2420 scriptos

158 2431 351 2523 conquirere,
365 2431 465 2524 iisqu'e
479 2433 672 2501 excutiendis
685 2433 805 2526 aliquid
819 2437 859 2502 ad
869 2437 1016 2503 Tacitum
1023 2437 1188 2502 emendan-

159 2534 227 2633 dum
238 2536 414 2626 adjumenti
429 2558 605 2626 comparare
620 2563 627 2599 ι
642 2539 713 2626 sed,
732 2539 878 2630 quoniam
892 2538 966 2605 boni
976 2592 984 2623 ,
996 2539 1190 2631 quiquidem

158 2641 294 2706 nondum
305 2641 338 2705 in
349 2639 560 2707 consiliumab
572 2641 689 2708 editore
700 2640 804 2734 aliquo
812 2643 913 2710 vocati
921 2657 1108 2727 essent,non
1117 2665 1190 2733 sup·
1258 2657 1262 2663 '

158 2744 354 2834 peditabaut,
374 2745 466 2812 editis
484 2761 646 2812 contentus
663 2768 728 2812 esse
746 2764 870 2814 coactus
884 2770 963 2813 sum.
986 2747 1071 2814 Usus
1088 2761 1191 2813 tamen

159 2863 240 2934 sum,
252 2849 472 2939 cumprimum
486 2850 631 2935 edebam,
646 2867 786 2941 utsupra
800 2850 951 2936 indicavi,
967 2853 1075 2918 codiee
1087 2850 1194 2920 Geel-t

103 2946 105 2971 '
148 2954 340 3040 ‚krbytaaa
352 2953 383 3019 ls
395 2955 452 3020 etsi
464 2977 566 3027 reeens
580 2969 644 3039 est,
659 2971 761 3020 tamen
775 2957 857 3023 etad
871 2955 1017 3043 lectiones
1027 2952 1192 3021 nonnullas

130 3136 134 3143 ι
158 3056 395 3141 confirmandas,
415 3073 445 3122 et
465 3059 504 3123 ad
526 3047 667 3125 meliores
686 3057 893 3143 indagandas,
912 3057 1043 3126 subinde
1059 3057 1189 3147 profuit.
1219 3064 1223 3071 '

122 3156 383 3257 “domplectitur
403 3161 482 3254 solos
504 3160 600 3228 libros
620 3160 790 3228 Annalium
809 3162 880 3228 inde
901 3161 940 3228 ab
959 3161 1139 3248 undecimo,
1161 3177 1194 3227 et

143 3258 379 3345 ..Historiam
395 3264 537 3356 Scriptus
552 3265 640 3335 estin
653 3266 846 3351 membrana,
857 3290 952 3333 manu
965 3267 1120 3353 elegante,
1139 3267 1192 3333 sed
1240 3277 1251 3296 ’·

143 3354 271 3457 'passim
285 3386 441 3437 correctus
454 3395 473 3437 a
489 3391 582 3435 manu
598 3372 732 3436 secunda
750 3371 815 3437 :ita
829 3387 947 3455 tamen,
961 3387 997 3436 ut
1013 3369 1194 3463 plerumque

159 3469 292 3558 priorem
301 3468 464 3540 lectionem
473 3475 600 3565 adsequi
609 3472 710 3539 liceat.
725 3471 936 3568 Correotiones
946 3474 1114 3564 saepissime
1122 3497 1195 3540 eum

103 3630 106 3661 ι
161 3570 343 3643 lectionibus
351 3577 495 3665 editionis
503 3578 1065 3667 primaeeonsentiuntzsiveexeodem
1073 3578 1193 3661 codice,

103 3694 105 3719 ¹
162 3676 223 3743 sire
233 3702 271 3744 ex
281 3679 350 3770 ipsa,
360 3678 412 3747 illa
422 3682 558 3768 editione
566 3697 717 3773 promptas
728 3682 812 3750 sunt.
880 3683 883 3687 ⁴

201 3781 239 3849 In
251 3772 420 3852 Germania
436 3787 619 3855 recensenda
638 3809 710 3853 usus
729 3809 797 3853 sum
813 3773 907 3855 'etiam
920 3786 1070 3853 varietate
1082 3785 1196 3851 codicis

165 3882 312 3954 chartacei
329 3890 519 3970 dimicensis,
537 3915 555 3957 a
570 3889 664 3958 Petro
682 3891 723 3957 de
731 3890 908 3976 Numagen‚
925 3887 1100 3956 Trevlreusi
1110 3938 1119 3972 ,
1130 3885 1193 3953 ca-
