2692 4824
240 288 310 391 'mh
658 298 901 367 ERNESTI

258 421 405 510 scriptos,
416 435 518 486 extare
527 470 535 502 ,
545 417 602 509 qui
613 419 705 504 longe
716 419 905 510 antiquiores
916 416 1098 505 habeantur,
1109 445 1204 513 quam
1215 424 1297 491 sint:

256 543 393 593 ceterum
409 524 475 589 siue
492 522 612 588 fraude.
629 521 709 605 Sed,
726 537 762 587 nt
775 522 936 587 redeamus
953 525 992 588 ad
1011 522 1125 591 librum
1140 527 1298 595 Florenti-

255 654 352 713 num,
365 631 404 694 ad
414 628 632 717 comprimus,
647 628 732 718 quod
746 644 883 711 constet,
897 627 1032 694 Pichena
1044 648 1186 698 accurate
1194 657 1298 699 recen·

256 735 320 801 suit
334 734 389 798 hos
400 732 502 799 Taciti
513 732 619 797 libros.
632 731 709 796 Nam
722 730 884 797 Juutinam
895 732 1063 800 editionem
1073 737 1145 800 anni
1160 736 1243 826 1527
1258 761 1297 806 ex

256 838 313 905 illo
327 838 409 905 libro
422 836 544 929 aliquid
557 837 630 903 novi
643 835 718 901 honi
733 837 906 925 accepisse,
921 860 981 903 non
996 840 1107 923 credo,
1128 863 1200 906 cum
1219 841 1295 906 Ant.

255 943 367 1009 Franc.
388 940 604 1025 Varchiensis,
625 941 681 1032 qui
702 940 730 1005 ei
750 939 879 1005 editioni
899 940 1045 1030 praefuit,
1068 943 1101 1007 in
1113 944 1297 1033 praefatione

255 1047 336 1112 nihil
350 1046 437 1112 aliud
448 1062 681 1129 commemoret,
693 1069 802 1136 quam,
813 1067 860 1128 se,
873 1069 944 1110 cum
956 1047 1067 1112 ceteris
1077 1047 1180 1113 Taciti
1190 1045 1295 1134 libris,

254 1153 347 1218 etiam
368 1153 509 1244 quinque
530 1151 664 1240 primos,
687 1175 705 1215 a
728 1150 810 1215 Phil.
834 1148 982 1217 Beroaldo
1002 1152 1090 1241 prius
1112 1153 1297 1239 castigatos,

254 1276 331 1324 mox
346 1280 418 1322 vero
433 1281 450 1320 a
465 1279 496 1320 se
511 1254 623 1319 iterum
638 1253 793 1338 cognitos,
816 1254 906 1339 dare,
927 1276 984 1321 nec
1004 1255 1070 1344 ipse
1089 1257 1297 1345 comparando

254 1360 443 1448 repererim,
473 1359 559 1447 quod
582 1380 619 1422 ex
648 1380 683 1421 eo
710 1355 791 1421 libro
816 1357 948 1423 ductum
975 1358 1144 1424 videretur.
1173 1360 1297 1426 Beroal-

256 1465 316 1529 dus
327 1488 367 1528 an
381 1486 416 1527 eo
431 1486 506 1528 usus
521 1461 615 1526 suerit
625 1513 633 1544 ,
645 1476 715 1550 post
724 1460 909 1526 videbimus.
922 1458 969 1526 De
980 1463 1163 1528 auctoritate
1176 1466 1296 1533 codicis

250 1592 316 1634 non
326 1567 399 1633 satis
414 1565 611 1632 consentiunt
623 1565 684 1630 viri
695 1566 792 1630 docti.
805 1565 835 1630 J.
847 1564 1024 1633 Gronovius
1035 1566 1161 1658 quidem
1171 1584 1296 1635 tuntum

252 1673 282 1737 ei
305 1671 435 1755 tribuit,
458 1687 495 1735 ut
508 1672 637 1736 modum
650 1672 795 1736 excedere
809 1671 961 1736 videatur.
977 1671 1016 1737 V.
1037 1674 1104 1757 ejus
1124 1687 1232 1738 notata
1253 1673 1294 1738 ad

253 1776 293 1843 Δ.
309 1775 382 1860 XI,
409 1773 460 1855 nd.
480 1774 673 1841 Moderatius
686 1774 831 1841 Graevius
850 1775 988 1865 judicat,
1008 1775 1041 1839 in
1055 1801 1107 1862 cp.
1122 1777 1169 1840 ad
1185 1778 1294 1841 Heiu-

253 1886 355 1961 sium,
370 1895 393 1945 t.
412 1878 474 1964 lv,
487 1877 571 1943 coll.
582 1880 695 1943 Burm.
709 1902 741 1965 p.
754 1875 840 1961 498,
856 1878 912 1968 qui
927 1881 1111 1966 exemplar,
1134 1881 1220 1944 uude
1238 1884 1294 1947 ille

240 1988 376 2077 fluxit,
399 1983 584 2048 mendosum
598 1999 632 2046 et
643 1983 685 2046 ab
699 1983 873 2047 semidocto
892 1986 1119 2070 interpolatum
1136 1984 1294 2074 puteal!
1333 2070 1336 2079 1

240 2091 363 2179 ‘primis
377 2087 557 2169 observavi,
572 2103 742 2177 utrumque
757 2086 894 2152 codicem
912 2086 1046 2152 subinde
1060 2111 1186 2176 peccare
1201 2090 1294 2155 ornia-

251 2190 473 2279 sione'syllahae
484 2188 618 2279 alicujus
628 2189 747 2254 mediae.
761 2188 834 2253 Vid.
855 2189 938 2254 dicta
952 2191 992 2254 ad
1012 2189 1054 2255 A.
1072 2191 1124 2274 11,
1139 2191 1202 2276 63,
1218 2214 1292 2259 oon·

243 2296 375 2361 fusione
387 2292 576 2383 syllabarum
591 2295 633 2356 de
647 2309 677 2358 et
691 2293 740 2376 di,
756 2293 918 2358 omissione
937 2292 1035 2359 literae
1046 2319 1077 2357 m
1091 2295 1125 2359 in
1139 2298 1291 2363 accusati-

255 2399 314 2465 vis.
335 2399 455 2463 Habere
470 2415 500 2464 et
514 2400 712 2483 glossemata,
733 2413 862 2465 constat.
881 2397 956 2464 Vid.
978 2399 1121 2465 dictand
1142 2398 1240 2484 XVI,
1263 2425 1290 2465 a.

253 2502 400 2568 Ceterum
413 2526 450 2568 ex
464 2503 523 2568 hoc
538 2504 644 2568 codice
660 2503 763 2568 omnia
781 2501 841 2568 alia
861 2504 975 2593 scripta
988 2503 1092 2568 Taciti
1108 2504 1291 2593 exemplaria

244 2607 396 2690 ¹fluxisse,
417 2623 454 2672 ut
474 2606 504 2672 J.
526 2606 704 2673 Gronovius
723 2608 848 2673 videtur
871 2608 1053 2691 credidisse,
1078 2631 1140 2673 non
1160 2611 1292 2675 audeam

219 2772 223 2779 .
250 2734 309 2799 pro
320 2726 403 2777 certo
413 2711 580 2793 affirmare,
595 2711 654 2785 etsi
667 2735 832 2779 consensus
847 2714 986 2779 omnium
999 2713 1031 2777 in
1043 2713 1292 2803 transpositioni-

251 2813 328 2898 bus,
339 2829 375 2879 ut
385 2814 468 2880 Hist.
478 2814 543 2898 ΙΙΙ,
561 2814 597 2897 5,
613 2815 674 2898 65,
688 2816 837 2882 credibile
853 2819 937 2884 lacit.
950 2817 1114 2906 Specimen
1127 2817 1292 2906 scripture

251 2942 290 2985 ex
309 2917 330 2983 l.
352 2917 422 2981 Xll
441 2918 553 2984 huual.
577 2920 707 2986 inseruit
725 2920 928 2988 Mahillonius
945 2921 1049 3007 Operi
1064 2923 1291 3008 diplomatico,

174 3071 178 3077 -
250 3021 274 3088 l.
326 3074 335 3106 ,
357 3022 418 3088 tab.
444 3020 482 3105 5,
505 3045 536 3088 n.
559 3023 598 3107 5,
625 3049 655 3113 p.
682 3024 766 3107 3533
784 3023 895 3091 melius
915 3026 1027 3089 dedere
1042 3024 1205 3090 Amatores
1219 3028 1296 3093 novi

252 3125 371 3213 Operis
391 3127 606 3214 diplomatici,
623 3128 684 3193 tab.
701 3127 763 3214 49,
785 3129 840 3220 qui
863 3145 893 3194 et
913 3143 1055 3193 accurate
1073 3129 1111 3193 de
1129 3153 1165 3194 eo
1183 3130 1291 3197 codice
1329 3124 1335 3137 ’

252 3230 467 3313 tradiderunt,
484 3255 515 3319 p.
536 3234 598 3318 278
608 3285 618 3317 ,
639 3255 721 3321 279,
743 3234 777 3298 in
790 3234 899 3323 primis
914 3234 1077 3299 inscrenda
1091 3232 1221 3322 epistola
1242 3233 1294 3299 bi-

251 3331 448 3398 bliothecarii
463 3332 600 3400 Medicei
620 3359 711 3427 super
728 3337 787 3404 hoc
807 3339 913 3404 codice
927 3362 954 3405 a.
976 3339 1056 3427 1752
1071 3338 1110 3402 ad
1130 3337 1291 3404 Botarium

252 3436 293 3501 V.
310 3437 346 3502 C.
364 3437 490 3524 scripta.

284 3587 422 3640 Picbenam
432 3585 534 3656 decepit
545 3591 682 3662 epigraphe
691 3592 802 3658 codicis,
814 3596 982 3664 putavitque,
998 3592 1147 3646 barbaricos
1157 3592 1291 3646 characte-

251 3689 293 3723 res
301 3688 352 3721 non
362 3688 416 3721 esse
424 3668 640 3739 Langobardicoe,
652 3676 748 3745 quippe
758 3677 802 3746 qui
815 3677 907 3728 saeculo
916 3676 955 3727 IV
964 3694 1014 3726 non
1025 3677 1121 3728 fuerint
1130 3677 1154 3726 in
1165 3695 1222 3727 usu.
1233 3677 1292 3729 Hoc

251 3753 380 3823 posterius
389 3763 419 3801 ut
429 3768 521 3801 verum
529 3763 568 3802 est
576 3790 583 3814 ‚
591 3754 627 3803 ira
636 3755 698 3822 qnid
707 3756 766 3808 inde
776 3757 950 3826 colligendum
958 3797 965 3821 ,
974 3770 1044 3809 recte
1056 3771 1143 3809 noster
1151 3757 1250 3809 docuit.
1260 3760 1292 3811 ln

243 3847 382 3907 'eocontra
396 3831 524 3884 adsentire
540 3831 600 3885 hnic
614 3852 726 3904 nequeo,
742 3839 811 3909 quod
822 3854 922 3892 aetatem
935 3838 1032 3891 codicis
1041 3841 1148 3891 nimium
1158 3838 1290 3907 deprimit.

251 3914 310 3967 Nee
319 3913 408 3979 video,
419 3912 483 3985 quid
489 3913 589 3978 obstet,
601 3933 654 3987 quo
663 3916 744 3973 miuus
753 3920 785 3970 ad
793 3919 844 3972 vn
853 3921 895 3972 rel
902 3920 966 3972 VIII
975 3920 1096 3975 saeculum
1106 3919 1195 3971 referri
1205 3932 1293 3990 queat.

252 3994 298 4051 Sic
306 3996 417 4053 Externa
425 4013 528 4069 qnoque
534 3995 643 4067 judicat.
653 3996 824 4057 Veterr'mum
835 4020 887 4061 esse
897 4000 1012 4059 codicem
1021 4015 1048 4058 et
1057 4000 1176 4057 omnibns
1184 4001 1296 4072 reliquis
