2692 4824
14 316 22 333 ⁰
123 347 186 394 xxx
522 311 766 386 ERNESTI
1165 274 1216 457 ἦ

125 460 171 512 est
183 441 268 532 apud
281 437 348 508 Ber.
361 440 418 507 ubi
434 439 466 507 J.
480 439 579 508 Gron.
593 445 720 510 interim
733 463 808 508 oon
819 455 915 508 mater
926 463 989 507 non
1005 458 1055 509 est
1066 447 1099 510 in
1109 470 1169 512 oe-
1197 434 1213 517 J·

124 551 296 615 iustissimo
305 547 467 628 Mediceo,
478 548 685 638 nsidecnnqne
695 570 768 613 eam
780 550 957 634 arripuerit
964 550 1168 618 Beroaldnsr

126 676 235 742 nempe
246 676 263 717 e
276 648 464 747 Puteolan03
477 667 513 716 ut
525 675 553 717 c.
565 651 605 717 25
614 704 623 736 ,
632 653 855 742 gladiatorum
861 701 873 732 ,
883 675 940 741 pro
950 654 1170 741 gladiatores,

125 759 212 848 qnod
230 761 323 822 estin
340 754 424 820 Flor.
442 779 470 821 c.
491 754 550 840 31,
565 772 774 838 extruserat,
792 780 849 845 pro
868 771 1091 839 extraxerat,
1108 768 1170 828 etei

126 859 233 926 Etiam
247 875 371 948 peccata
389 859 613 949 typographica
629 861 743 926 Veneti
758 859 832 926 libri
850 876 969 926 servata
984 885 1050 929 esse
1064 862 1099 928 in
1114 864 1170 932 Be'

126 963 267 1030 roaldina
289 979 374 1052 patet
393 986 424 1028 v.
439 986 469 1028 c.
486 961 724 1055 A.x111,t9,
742 963 777 1029 in
795 964 889 1030 verbo
906 967 1092 1052 insedebat,
1115 992 1172 1058 pro

127 1069 314 1145 accedebam
327 1065 409 1150 XV,
428 1066 489 1150 58,
504 1066 541 1131 in
550 1070 707 1150 latamm,
721 1090 778 1155 pro
797 1071 954 1135 tatarum.
970 1069 1138 1138 Dissensns
1154 1094 1171 1138 a

126 1171 299 1240 Puteolano
317 1169 458 1260 exempla
470 1187 544 1236 sunt
557 1170 650 1256 XIV,
664 1193 702 1256 9,
719 1170 753 1236 in
765 1174 966 1258 prodentem
979 1197 1006 1239 c.
1021 1177 1078 1259 16,
1089 1160 1171 1242 extri

129 1277 162 1341 in
186 1277 404 1360 eruebantur3
427 1300 455 1341 c.
480 1299 538 1364 17,
563 1277 596 1342 in
618 1280 840 1355 contentiori&
859 1275 935 1361 XV,
960 1276 1023 1360 30,
1047 1279 1082 1344 in
1097 1302 1176 1367 pos·¹

128 1397 216 1463 tero,
230 1397 288 1446 etc.
303 1379 407 1466 Hujus
417 1377 491 1445 libri
501 1377 675 1468 exemplum
686 1379 800 1464 habui,
813 1381 951 1468 primum
960 1382 1108 1450 edituros
1117 1382 1175 1450 bos

129 1484 256 1550 libros-e
270 1482 464 1549 bibliotheca
477 1481 582 1548 ducali
596 1483 788 1567 Vinariensi,
805 1484 838 1548 in
856 1490 951 1575 quani
969 1509 987 1550 c
1006 1484 1053 1550 M.
1071 1484 1174 1553 Gudii

129 1588 321 1656 bibliotheca
346 1613 400 1677 per
423 1586 735 1654 Schmtzfleiscbinm
757 1587 880 1653 illatum
901 1605 968 1674 est3
990 1612 1055 1655 non
1074 1589 1176 1658 multo

130 1709 200 1782 post
216 1693 276 1758 emi
289 1691 368 1758 mibi
381 1692 629 1783 pulcherrimum
643 1691 841 1758 eBritannin.

163 1811 309 1863 Memorato
319 1811 492 1882 dignumst,
506 1812 576 1884 quod
587 1813 613 1863 in
629 1813 699 1864 ealce
714 1812 798 1882 operis
811 1812 939 1881 gentilitio
958 1815 1089 1882 pontificis
1103 1827 1178 1869 scuto

132 1892 275 1962 subjectum
291 1896 386 1964 legitur
398 1914 405 1945 :
415 1896 524 1945 Nomine
537 1894 631 1944 Leonis
642 1896 673 1945 X
681 1896 757 1944 Pom.
769 1896 844 1955 Matr.
857 1895 991 1961 proposita
1005 1909 1063 1947 sunt
1074 1899 1177 1963 premit

131 1993 183 2025 non
201 1977 338 2027 mediocria
349 1977 398 2038 bis,
410 1977 454 2046 qui
463 1975 501 2026 ad
507 1995 563 2026 eum
572 1977 648 2027 libros
658 1989 753 2027 veteres
764 1993 843 2043 neque
855 1975 975 2027 maanus
989 1977 1068 2028 editos
1083 1981 1177 2030 amolo*

51 2067 57 2077 '
131 2059 190 2108 rint.
206 2058 237 2108 In
247 2057 401 2128 quibusdam
412 2057 532 2109 editionis
541 2057 617 2126 hujus
627 2057 750 2126 exemplis
763 2053 835 2108 deest
846 2056 901 2106 vita
915 2057 1057 2127 Agricola.
1069 2048 1178 2112 Consuli

131 2138 164 2190 de
171 2158 248 2208 opere
258 2139 308 2190 hoc
318 2153 447 2191 merentur
460 2138 564 2208 Debnrr
573 2137 637 2190 dans
649 2156 676 2190 sa
688 2137 812 2206 Bibliogr.
824 2139 896 2190 insa.
906 2156 932 2189 n.
943 2139 1016 2209 4905.
1033 2140 1177 2212 Deltopbi·

131 2221 172 2271 lus
179 2239 206 2288 p.
217 2223 275 2283 103,
284 2233 309 2271 et
320 2222 344 2272 le
354 2221 488 2289 catalogue
498 2221 620 2273 raisonnri
627 2219 658 2271 de
667 2221 695 2271 la
705 2220 839 2274 coleram
847 2219 879 2270 de
889 2221 967 2272 lieres
976 2220 1008 2272 de
1017 2225 1057 2274 M.
1065 2225 1100 2276 P.
1110 2225 1178 2277 Ant.

133 2301 263 2351 &evenne
270 2339 279 2364 ,
292 2314 312 2352 t.
325 2300 358 2364 V,
366 2320 392 2371 p.
405 2301 461 2355 158.

176 2399 353 2464 Proximam
372 2398 447 2465 huic
468 2399 599 2466 editioni
620 2398 696 2465 iacit
710 2399 911 2482 Maittarins,
930 2416 952 2466 t.
968 2402 1103 2491 V,⁴part.
1123 2404 1179 2491 ll,

132 2528 165 2592 p.
181 2501 264 2592 273,
284 2503 470 2568 Romanam
488 2529 520 2570 a.
542 2505 635 2592 1517,
649 2502 843 2594 publicatam
858 2528 908 2569 ex
924 2507 1058 2594 ostrina
1068 2509 1182 2575 Minu-

116 2611 245 2687 tiana,
264 2608 298 2672 in
309 2613 360 2698 cuj
366 2633 403 2673 us
417 2606 598 2697 praefatione
607 2623 715 2692 agetur
727 2609 766 2673 de
777 2607 878 2697 prima
892 2608 1029 2674 editione
1040 2634 1067 2675 a.
1083 2611 1182 2680 1515.

134 2712 195 2779 Sed
211 2713 268 2778 iste
282 2736 365 2778 error
378 2712 422 2776 ita
434 2711 618 2800 perspicuus
629 2727 692 2796 est,
708 2728 745 2778 ut
756 2712 870 2777 vitium
882 2735 1044 2800 operarum
1058 2736 1125 2780 esse
1134 2717 1183 2781 vi-

134 2819 256 2884 deatur.
272 2817 353 2882 Nam
367 2805 545 2882 Minntiana
560 2817 683 2883 officina
702 2840 765 2882 non
785 2817 912 2901 Romae,
936 2817 988 2882 sed
1006 2816 1184 2886 Mediolani

135 2925 219 3006 fuit,
236 2947 291 2989 nec
307 2923 341 2987 id
355 2919 419 2986 ullo
439 2921 532 2988 modo
551 2921 692 3007 ignorare
712 2922 816 3010 potuit
835 2921 1024 2988 Maittarins.
1050 2923 1185 2991 Rectius

135 3029 243 3120 itaque
264 3026 343 3092 banc
366 3026 534 3091 editionem
554 3027 832 3090 Mediolanensem
850 3042 939 3092 vocat
963 3025 1130 3092 Fabricius
1149 3028 1185 3094 in

136 3133 339 3201 Bibliotheca
354 3134 469 3196 lenna
485 3130 606 3195 Mirum
619 3146 724 3198 antem
738 3130 838 3195 videri
848 3130 962 3220 possit,
986 3130 1111 3197 dnobus
1125 3155 1185 3198 an-

134 3238 184 3302 nis
209 3254 280 3326 post
304 3234 448 3301 Beroaldi
474 3235 642 3300 editionem
664 3235 857 3319 Romanam,
884 3234 977 3301 aliem
1004 3235 1186 3303 institutam

137 3369 222 3429 esse,
238 3368 310 3436 quse
324 3344 409 3410 illam
421 3360 592 3434 repeteret,
607 3367 680 3409 cnm
693 3345 832 3410 edictum
842 3344 957 3410 Leonis
971 3360 1108 3429 extaret,
1125 3347 1187 3412 ad·

137 3455 284 3541 junctum
306 3448 438 3515 editioni
464 3447 677 3532 Beroaldinae,
701 3473 765 3539 quo
790 3450 995 3514 ducentorum
1018 3472 1194 3519 aureorum

139 3578 230 3644 poena
243 3569 469 3642 proponeretur
484 3552 538 3637 iis,
553 3553 609 3644 qui
621 3552 681 3618 hoc
694 3553 772 3618 citra
792 3552 979 3617 decennium
995 3553 1062 3619 ansi
1083 3571 1193 3621 essent

137 3658 272 3748 subjecti
287 3657 502 3723 ecclesiasticae
515 3657 740 3746 jurisdictioni,
750 3655 878 3735 ceteris,
892 3656 1012 3746 ubique
1025 3657 1186 3743 gentium,

130 3761 422 3836 ,excommunicatio
440 3759 512 3825 latre
527 3761 706 3842 sententiae,
719 3783 814 3851 quam
831 3777 922 3825 vocat
942 3762 1029 3826 curia
1046 3783 1187 3838 romana.

140 3867 203 3935 Sed
225 3867 446 3951 Minutianus,
466 3866 531 3932 sive
548 3866 720 3950 ignorantia
737 3865 828 3938 istius
841 3866 955 3950 edicti,
975 3864 1189 3954 sive-fallendi

140 3996 212 4062 spe,
227 3994 300 4040 oum
311 3972 466 4055 audisset,
481 3969 627 4039 Tacitum
639 3968 808 4060 pleniorem
825 3970 932 4037 Romae
950 3969 1000 4036 edi
1009 4022 1018 4054 ,
1035 3993 1089 4060 per
1108 3970 1187 4036 ami·
