2692 4824
143 310 230 403 nnn
542 302 780 376 nannsrr

188 431 241 499 Ex
251 429 357 499 eadem
365 424 554 496 bibliotheca
563 429 644 496 milri
655 431 843 497 submissum
853 426 1104 523 emtexuuplun
1113 430 1189 500 Ber-

146 534 332 603 ncccerianae
347 532 510 617 editionis,
525 535 609 625 quod
626 533 878 601 Schurzfleischii
894 556 990 601 manu
1004 534 1188 622 inmergine

146 654 290 722 notatum
307 636 472 703 diceretur.
494 635 556 702 Sed
576 634 622 703 ibi
642 659 766 727 quoqne
786 659 880 728 quam
900 660 999 726 pauca
1021 640 1189 728 repererim

148 743 243 828 digna
252 739 368 825 relatu,
387 762 404 806 e
417 739 500 807 uotis
510 740 624 808 nostris
637 739 807 830 apparebit.
826 739 969 831 Denique
979 765 1157 832 acceperam
1170 766 1190 825 e

147 840 337 919 bibliotheca
355 841 478 910 Cizensi
495 866 515 909 a
530 843 563 908 J.
582 843 667 911 Frid.
686 843 853 928 Leisnero,
874 844 942 910 viro
961 846 1190 933 doctissimoet

148 965 251 1017 vetere
266 947 404 1019 amicitia
416 945 496 1013 mihi
511 951 699 1039 conjuncto,
714 947 769 1039 qui
781 963 848 1018 tum
858 949 887 1015 ei
897 948 1097 1018 bibliotheeae
1108 975 1190 1042 prae-

149 1069 232 1138 erat,
244 1050 367 1120 notulas
379 1049 536 1136 Reinesii,
554 1049 587 1115 in
602 1050 740 1136 margine
757 1050 889 1140 exempli
900 1049 1047 1142 scriptas,
1060 1078 1124 1146 quo
1135 1053 1190 1122 ille

148 1178 225 1225 usus
236 1157 336 1223 luerat
348 1180 356 1217 ε
368 1152 511 1246 equibus
527 1151 691 1243 nonnullas
706 1153 740 1220 in
755 1154 835 1222 notis
850 1157 926 1224 meis
942 1148 1189 1226 commemorari.

146 1256 233 1349 Quat
249 1275 355 1327 autem
374 1258 432 1323 sub
453 1255 605 1326 Schelferi
624 1259 747 1326 nomine
767 1260 807 1326 ad
826 1260 1003 1346 Agricolam
1023 1262 1137 1348 attuli,
1155 1287 1191 1331 ea

149 1352 274 1454 airmpta
288 1377 364 1435 sunt
380 1385 419 1428 ex
435 1366 503 1453 ejus
516 1361 797 1448 observationibus,
806 1387 878 1456 quse
894 1365 928 1430 in
942 1365 1076 1432 Observ.
1092 1369 1190 1432 Μιέο.

124 1550 128 1555 p
150 1467 382 1547 Dorvillinnis,
397 1468 466 1530 ool.
482 1465 547 1533 ΙΧ
556 1517 564 1549 ,
580 1480 603 1531 t.
618 1464 686 1551 ΙΙΙ
693 1465 903 1556 reperiuntur.
922 1467 1069 1535 Ceterum
1080 1487 1113 1536 et
1124 1471 1192 1561 ipse

151 1593 277 1662 operam
286 1570 421 1653 dedi,ut
429 1569 638 1645 examinandis
648 1567 812 1656 diligenter
822 1571 925 1638 verbis
935 1572 1038 1640 Taciti
1047 1574 1193 1642 omnibus

152 1675 338 1765 reperirem,
352 1672 409 1739 ubi
424 1671 472 1739 vel
489 1672 694 1765 interpolatus
710 1691 806 1760 esset,
820 1674 873 1742 vel
885 1693 1060 1767 conuptus.
1079 1679 1117 1744 ln
1130 1701 1194 1773 quo

151 1794 255 1874 tamen
265 1778 345 1862 hac,
357 1793 394 1842 ut
408 1776 522 1862 debui,
537 1772 744 1845 moderatione
753 1801 830 1845 usus
844 1802 930 1864 sum,
948 1778 1079 1847 ut-uihil
1091 1797 1193 1849 muta·

152 1907 218 1951 rem
234 1882 466 1977 deconjectura
482 1882 515 1947 in
529 1897 638 1967 textu,
654 1882 711 1973 ubi
732 1907 794 1949 non
813 1883 968 1950 evidentia
988 1901 1067 1952 esset
1089 1909 1143 1972 aa,
1156 1900 1194 1951 ut

153 1982 294 2079 quemvis
303 1987 442 2054 viderem
453 1985 584 2076 probare
595 1987 813 2054 correctionem
822 1986 949 2072 debere,
963 1988 1019 2079 qui
1029 1987 1195 2057 latinitatis

153 2092 326 2175 universae,
350 2106 381 2156 et
404 2088 594 2156 Cornelianae
621 2090 756 2157 indolem
780 2107 921 2157 accurate
943 2083 1139 2177 cognoverit,
1161 2107 1194 2159 et

154 2216 248 2262 usum
262 2194 306 2259 rei
320 2192 436 2262 eriticae
448 2193 573 2259 haheat.

187 2295 348 2348 Ernestiuam
357 2293 495 2347 editionem
507 2295 609 2366 repetiit
616 2295 643 2347 J.
653 2295 688 2347 H.
697 2294 840 2348 Dotteville
850 2314 883 2347 ex
892 2295 945 2348 ΡΡ.
957 2295 1087 2360 Oratotii,
1098 2298 1126 2350 in
1136 2296 1194 2353 cdi-

155 2378 225 2430 tione
233 2390 320 2429 curata
330 2376 446 2439 Parisiis,
456 2379 534 2439 in-8.‚
543 2377 597 2429 rol.
608 2393 634 2446 7.
641 2374 744 2453 Prodiit
754 2394 783 2430 ea
791 2379 897 2430 tertium
904 2393 927 2429 a.
941 2393 1015 2449 1792,
1026 2376 1126 2448 adjecta
1135 2398 1195 2432 rer-

156 2460 227 2512 sione
235 2457 349 2521 Gallica,
359 2460 453 2528 partim
460 2457 575 2511 Bletterii
582 2457 701 2521 Abattis,
710 2460 804 2528 partim
812 2461 890 2530 ipsius
896 2457 1009 2511 editoris.
1022 2458 1142 2513 Contulit
1151 2459 1196 2513 bic

157 2537 242 2592 denuo
252 2538 367 2592 codicem
377 2539 520 2590 Parisinutu
529 2536 694 2591 Bibliothecae
705 2542 795 2611 regiae,
806 2542 920 2611 itemque
929 2541 1007 2593 alium
1016 2544 1197 2612 congregatio-

157 2623 197 2676 nis
206 2639 272 2687 suae,
284 2620 355 2690 cujus
363 2619 443 2673 ductu
452 2619 512 2673 hinc
522 2619 580 2674 inde
587 2619 703 2691 quedam
713 2623 822 2675 mutavit
830 2622 857 2674 in
865 2635 946 2674 textu.

203 2721 264 2788 Sed
279 2720 331 2787 hic
347 2721 425 2787 mihi
440 2722 577 2788 audaciae
592 2722 709 2788 invidia
723 2724 914 2812 deprecanda
928 2737 974 2788 est
988 2722 1021 2786 in
1034 2744 1089 2807 eo,
1110 2721 1198 2813 quod

160 2849 223 2892 non
236 2849 300 2891 uno
314 2825 381 2892 loco
401 2849 451 2891 me
469 2825 660 2912 existimare,
681 2843 735 2894 aut
754 2826 904 2916 suspicari
923 2825 1080 2915 professus
1105 2849 1196 2910 sum,

162 2929 307 2995 Tacitum
321 2927 540 3018 interpolatum
554 2953 637 3014 esse,
655 2946 692 2996 ut
706 2929 745 2996 A.
761 2927 862 3015 XVI,
879 2950 898 2992 2
912 2981 920 3013 ,
941 2930 974 2993 in
986 2951 1061 2995 voce
1074 2932 1197 2995 νίσοντ’-

162 3033 240 3115 bus,
259 3032 290 3097 in
308 3030 413 3098 Germ.
430 3032 472 3117 39
486 3049 517 3100 et
531 3029 599 3100 aliis
613 3031 770 3100 nonnullis
783 3031 869 3101 locis.
889 3033 1010 3099 Possim
1027 3054 1077 3098 me
1095 3034 1197 3117 tueri,

69 3155 70 3158 ’
163 3137 254 3204 sociis
269 3135 360 3202 istius
373 3134 474 3226 culpae
487 3138 770 3207 commemorandis.
785 3138 940 3206 Gruterus
948 3135 1077 3227 quidem
1085 3142 1199 3226 passim

111 3285 113 3290 -
164 3239 344 3319 ἐμβλίιματω
358 3241 509 3326 agnoscit,
526 3238 727 3330 reprehensus
742 3265 777 3308 eo
790 3242 944 3309 nominea
959 3241 979 3306 J
980 3263 1028 3305 ac.
1039 3237 1201 3327 Gronorio

165 3343 205 3408 ad
218 3341 239 3408 l.
255 3342 300 3407 IV
312 3341 427 3409 Annal.
438 3369 448 3428 3
460 3360 490 3410 et
501 3341 665 3428 Graevius‚
679 3360 715 3409 ut
729 3367 820 3434 supra
835 3344 919 3427 dini,
933 3341 1026 3409 etiam
1039 3340 1201 3411 illosanti·

165 3446 330 3538 quissimos
343 3448 432 3513 codd.
448 3446 475 3511 F
476 3444 643 3512 lorentinos
658 3446 857 3537 interpolatos
875 3445 1044 3538 judicabat.
1064 3443 1126 3511 Sed
1139 3470 1202 3522 uon

167 3566 237 3616 utar
249 3549 308 3616 ista
321 3550 506 3616 defensione.
520 3549 647 3615 Etenim
659 3552 806 3641 exemplis
816 3551 854 3617 iis
863 3549 967 3615 doceri
979 3564 1081 3638 potest
1092 3601 1101 3634 ‚
1111 3549 1201 3615 codi-

168 3675 218 3721 ces
226 3653 329 3720 Taciti
339 3655 431 3720 etiam
440 3655 572 3744 optimos
582 3654 780 3744 interpolatos
792 3679 855 3722 esse
865 3706 874 3738 ,
886 3656 924 3721 de
936 3677 999 3744 quo
1009 3676 1098 3719 nemo
1109 3653 1202 3738 hodie

168 3755 303 3841 dubitet,
311 3757 615 3850 postquamaLipsio
624 3757 818 3850 Pichenaque
826 3783 861 3825 ea
869 3760 937 3848 ipsa
942 3756 1122 3835 ἔμβλύμωτα
1130 3772 1203 3824 suut

170 3875 321 3953 exempta.
336 3862 375 3929 V.
394 3861 480 3954 Lips.
493 3863 533 3929 ad
547 3861 586 3928 A.
601 3861 694 3949 XIV,
711 3865 731 3929 8
748 3880 844 3957 estnj
866 3879 897 3928 et
916 3862 1004 3929 Pich.
1025 3863 1064 3928 ad
1080 3861 1120 3927 H.
1134 3860 1203 3945 111,
