2692 4824
104 318 241 398 'sto
553 329 812 400 nnnnsrr
911 300 971 407 ,’
1063 408 1067 421 ,

175 449 297 541 pellano
307 448 340 517 S.
352 449 529 517 Leonbardi
537 474 634 541 prope
644 451 827 537 Thuregnm
838 452 902 540 (ita
912 464 1043 522 sevocat
1053 455 1141 548 ip's'e)
1153 459 1215 528 sub

111 600 118 615 .
174 556 266 630 finem
277 577 347 622 saec.
357 554 423 619 XV
435 555 542 645 scripti
556 581 562 618 :
575 578 667 647 quem
677 578 743 622 mea
754 578 874 640 caussa,
883 581 939 646 pro
951 558 1101 645 singulari
1113 583 1170 628 sua
1179 564 1224 630 in

176 680 225 723 me
239 657 467 743 benevolentia,
485 660 636 748 excerpsit
647 659 677 725 J.
688 659 719 725 J.
732 661 942 747 Breitingerus
953 663 992 729 V.
1003 663 1041 729 C.
1059 664 1218 734 Praeterea

175 761 254 826 mihi
270 763 413 853 Kappius
427 778 531 831 noster
546 754 701 830 obtulera't
713 765 881 832 editionem
890 764 991 833 libelli
1000 767 1193 835 veterrimam
1201 822 1213 856 ‚

176 888 239 955 qua
255 867 457 956 comparanda
473 890 544 932 cum
560 867 695 954 vulgatis
708 869 852 954 cognovi,
872 892 937 936 esse
947 868 1037 936 illum
1047 871 1152 960 ipsum
1162 898 1214 941 co-

175 968 294 1049 dicem,
308 992 401 1060 quem
411 970 451 1035 ab
461 968 627 1057 Artolpbo
639 971 759 1037 medico
772 988 928 1061 acceperat
940 972 1117 1041 Rhenanus.
1129 974 1215 1068 Ejus

174 1094 234 1160 ope
252 1072 330 1138 mihi
348 1072 440 1139 licuit
458 1075 591 1163 reperire
604 1074 754 1160 originem
771 1074 955 1160 lectionum,
974 1101 992 1143 a
1011 1076 1162 1145 Rhenano
1179 1079 1215 1147 in

174 1173 264 1241 illum
276 1174 416 1241 libellum
426 1177 640 1263 inductarnm,
652 1194 683 1244 et
692 1179 796 1268 ipsum
807 1177 946 1245 libellum
956 1202 1020 1245 non
1028 1203 1092 1246 uno
1100 1182 1134 1247 in
1143 1179 1214 1250 loco
1252 1184 1255 1201 '

176 1281 389 1346 correctiorem
406 1281 541 1348 reddere.
560 1281 608 1348 lta
622 1297 726 1348 autem
744 1283 777 1348 in
792 1281 898 1349 multis
911 1284 1063 1350 consentit
1074 1307 1213 1367 cum-ex-

175 1382 409 1470 cerptisveteris
418 1384 580 1469 editionis,
589 1384 629 1451 ab
641 1386 721 1452 Abr.
732 1385 890 1453 Gronovio
901 1386 1030 1477 adjectis
1042 1387 1113 1453 Var.
1123 1386 1213 1456 Lect.

176 1485 244 1549 cod.
256 1483 377 1550 Arund.
391 1501 428 1550 ut
438 1486 477 1552 ab
487 1487 578 1553 initio
590 1489 717 1554 eandem
731 1483 882 1576 putarem.
897 1489 958 1556 Sed
973 1490 1084 1556 deinde
1100 1491 1146 1556 ita
1161 1513 1213 1559 re-

176 1586 242 1674 peri
252 1586 396 1671 differre,
411 1605 447 1655 ut
460 1587 549 1654 illum
559 1588 677 1656 librum
688 1591 796 1658 abhoc
807 1593 963 1658 diversum
977 1593 1160 1682 judicarem.

208 1701 305 1758 Praeter
314 1705 415 1759 codices
425 1725 501 1759 manu
513 1721 643 1775 exaratos,
653 1726 763 1779 quorum
774 1710 871 1762 mentio
884 1709 927 1762 hic
941 1712 1023 1774 sacta,
1038 1711 1146 1764 Paullus
1159 1710 1216 1763 Ds-

176 1785 228 1837 niel
235 1787 384 1856 Longolius,
395 1787 465 1857 cujus
472 1788 667 1843 commentarios
675 1791 702 1841 in
712 1788 832 1863 Tacitum
838 1790 937 1861 amplos
947 1803 974 1844 et
981 1789 1095 1842 eruditos
1104 1809 1214 1865 excerp-

176 1877 218 1917 tos
226 1865 297 1919 dedit
303 1868 319 1919 J
321 1865 363 1919 oh.
373 1867 488 1938 Kappius
497 1869 524 1921 in
533 1869 618 1921 Taciti
629 1868 718 1922 libello
728 1888 750 1921 a.
764 1872 825 1939 1788
832 1868 924 1941 Lipsite
934 1871 1017 1923 forma
1026 1885 1118 1923 octava
1125 1868 1212 1939 editi,

175 1963 236 1998 usus
249 1960 288 2000 est
302 1947 402 2002 duobus
421 1947 499 2001 MSS.
517 1947 671 2013 chartaceis,
688 1967 797 2020 quorum
814 1949 922 2002 alterum
940 1951 1162 2017 Hummelianom,
1176 1954 1212 2007 ab

174 2028 233 2100 ipso
242 2029 387 2082 Hummelio
399 2033 425 2082 in
439 2031 487 2082 der
501 2049 580 2081 neuen
594 2031 916 2083 Bibliotbelrvonseltanen
927 2032 1046 2082 artem
1058 2052 1068 2084 r
1080 2035 1114 2085 B.
1122 2052 1152 2101 p.
1164 2050 1212 2087 212

175 2110 347 2181 descriptum,
362 2131 409 2164 nec
424 2114 534 2165 mtdtum
549 2130 626 2182 supra
636 2113 810 2187 typographiae
820 2113 916 2165 natales
926 2111 1137 2180 adscendentem,
1151 2133 1212 2168 cum

175 2191 286 2243 editione
292 2192 422 2262 Rhagiane
429 2194 490 2260 in-d.
498 2194 588 2263 Lipsiae
599 2194 660 2264 1509
667 2193 789 2260 contulit,
801 2194 908 2245 altemm
917 2193 996 2265 ipsius
1007 2195 1127 2263 Longolr'i
1132 2233 1142 2258 ,
1151 2209 1214 2267 post

174 2272 327 2325 incunabula
335 2271 510 2344 typographiae
521 2273 659 2343 scriptum,
669 2284 716 2324 eta
726 2273 775 2325 line
784 2273 876 2343 capitis
886 2274 972 2326 octavi
981 2272 1014 2325 ad
1022 2286 1101 2344 caput
1109 2274 1142 2342 43
1149 2293 1212 2345 pro-

174 2352 316 2407 sedantem
1101 2351 1104 2359 '

161 2469 167 2480 .
207 2430 293 2504 Quam
302 2433 344 2486 hic
354 2433 493 2487 editionem
501 2434 665 2487 veterrimam
675 2432 767 2504 Kappii
777 2433 843 2495 dicit
852 2447 946 2498 noster,
957 2436 983 2486 in
996 2432 1150 2486 recensenda
1158 2434 1211 2486 Τι-

175 2515 220 2566 citi
234 2513 390 2579 Germania,
407 2514 521 2567 Rhenani
540 2515 674 2585 exemplo,
690 2513 804 2566 codicem
820 2513 899 2577 dicit,
916 2516 1000 2568 minus
1015 2512 1143 2567 adcurate.
1158 2516 1212 2575 late

174 2610 260 2648 autem
270 2599 426 2664 Kappianns
436 2596 502 2649 liber
511 2596 611 2648 idemne
621 2597 699 2649 fuerit
709 2616 768 2648 cum
777 2617 821 2659 eo,
835 2615 911 2668 quem
920 2595 953 2648 ah
964 2596 1068 2649 Hieron.
1079 2596 1210 2664 Artolpb·

175 2693 305 2749 acceperat
315 2679 422 2744 Beatus,
433 2677 632 2748 disquirendum.
647 2676 752 2730 Scilicet
763 2677 818 2729 due
832 2690 891 2729 sunt
905 2676 1048 2730 Germaniae
1059 2675 1146 2728 Taciti
1155 2676 1210 2730 edi-

173 2761 256 2836 tiones
265 2774 377 2824 veteres,
388 2759 439 2812 diei
451 2752 634 2830 Consulisque,
648 2757 802 2829 typographi
812 2759 888 2810 etiam
899 2770 925 2809 et
933 2759 1055 2821 locinota
1065 2755 1208 2823 destitutae,

173 2858 230 2912 quae
245 2843 272 2892 in
286 2840 445 2894 bibliotheca
459 2840 670 2911 Argentoratensi
685 2839 790 2910 publica
806 2851 901 2891 extant.
919 2839 1015 2891 Harum
1030 2840 1110 2891 altera
1120 2838 1209 2892 formas

172 2923 291 2993 majoris,
301 2940 359 2996 que
370 2942 402 2976 ex
412 2923 490 2993 praelo
505 2922 575 2974 Frid.
592 2922 728 2975 Creusneri
741 2921 918 2991 Norimbergae
935 2920 1044 2992 prodiit,
1061 2917 1210 2973 charactere

172 3004 292 3077 gothico,
307 3005 379 3076 cujus
391 3004 496 3073 singulte
512 3004 608 3073 paginas
624 3004 703 3054 lineas
720 3002 751 3056 ³3
767 3001 835 3071 (non
849 3001 881 3053 35
896 3015 925 3054 ut
938 3001 1006 3072 apud
1016 3001 1157 3054 Panaenum
1168 3001 1209 3055 le·

136 3076 140 3087 ¹
172 3086 260 3156 gitur)
276 3087 401 3148 offerunt,
421 3086 449 3137 in
462 3085 548 3137 fronte
563 3087 599 3138 sic
613 3083 693 3138 habet
707 3104 714 3135 :
730 3085 782 3136 cat.
799 3084 916 3154 Gorneb‘j.
933 3084 1021 3135 Taciti
1033 3082 1144 3152 Equitis.
1157 3084 1209 3136 1³0.

173 3169 320 3219 Germania.
331 3168 426 3234 incipit.
437 3165 522 3233 iuffine
531 3166 594 3218 solio
606 3185 632 3217 ιι
641 3206 649 3231 ,
659 3169 730 3216 Laus
739 3168 797 3216 Deo
805 3166 1005 3217 clementissimo.
1013 3165 1143 3229 Alterius,
1151 3182 1210 3237 qun

173 3247 283 3298 mediam
294 3248 401 3299 sormam
412 3245 523 3309 obtinet,
535 3245 665 3299 character
679 3246 696 3296 J
698 3244 822 3297 ohannem
836 3245 970 3316 Gensberg
979 3247 1123 3299 Romanum
1131 3259 1210 3317 typo·

173 3329 298 3398 graphum
307 3327 403 3399 prodit.
411 3329 442 3380 ln
451 3329 535 3380 fronte
545 3346 650 3399 prorsus
660 3326 747 3379 eadem
757 3328 907 3399 epigraphe,
920 3345 977 3401 quaa
984 3329 1012 3381 itt
1021 3327 1121 3398 priore,
1129 3326 1209 3381 sedin

173 3402 223 3461 line
232 3411 294 3462 folio
307 3413 337 3463 16
350 3410 445 3480 legitur
455 3428 462 3458 t
473 3411 529 3460 Deo
538 3411 644 3478 galias.
655 3407 775 3461 Meminit
785 3408 910 3462 Panzerus
919 3420 940 3463 t.
951 3406 1096 3462 lVAnnat.
1106 3417 1208 3479 W'U'·

172 3506 200 3561 p.
213 3494 258 3544 162
268 3492 349 3543 tertiae
363 3490 482 3543 editionis
491 3492 599 3554 veteris,
611 3490 750 3561 subjunctae
760 3491 918 3543 Mtrabtttus
927 3492 1028 3543 mse.
1040 3489 1135 3542 Verum
1144 3489 1211 3544 bene
1230 3485 1235 3499 ’

131 3582 133 3586 ’
173 3573 232 3623 rim
245 3571 394 3625 doctissimo
410 3571 538 3636 subolum,
552 3590 603 3622 non
618 3569 650 3622 ad
666 3573 748 3642 ipsam
762 3572 919 3624 Mirabilium
929 3569 1067 3623 editionem
1077 3583 1207 3642 spectare,

172 3653 217 3706 red
228 3672 286 3705 cum
296 3655 327 3706 iis
337 3672 389 3706 esse
399 3666 566 3724 compactam.
575 3654 693 3705 Romanae
703 3655 792 3706 saltem
803 3655 911 3707 istorum
920 3652 1056 3706 editionia.
1067 3651 1141 3714 1515,
1150 3668 1208 3723 quas

173 3735 236 3811 mibi
246 3749 284 3786 est
294 3736 326 3787 ad
337 3755 440 3800 manus,
451 3737 486 3787 nil
497 3735 566 3797 aliud
576 3749 615 3788 est
623 3735 760 3806 adjectum.
775 3737 827 3789 Ista
842 3755 916 3806 ergo,
934 3753 990 3806 quae
1000 3752 1049 3804 pro
1058 3733 1135 3784 tertia
1145 3751 1209 3784 ven-

171 3817 277 3881 ditatur,
287 3816 429 3870 Germaniae
440 3816 520 3869 editio
530 3827 616 3881 vetus,
629 3819 765 3869 allomana
773 3817 886 3869 iomassis
896 3835 946 3868 non
956 3815 1053 3868 differt.
1063 3813 1111 3866 Est
1120 3813 1170 3866 boc
1178 3830 1209 3866 ee

173 3900 253 3970 magis
260 3900 409 3963 verisimile,
419 3900 488 3971 quod
497 3901 661 3954 etMimbilia
669 3901 822 3954 liemarum
831 3901 967 3971 impressa,
976 3911 1002 3953 et
1009 3895 1112 3968 quidem
1119 3895 1208 3952 emera
