2692 4824
519 347 811 418 rant-“auro
1058 356 1179 447 maj

152 489 217 559 que
233 467 266 534 iu
281 483 369 534 sexta
381 481 498 551 essent,
513 470 755 537 desideravimus
771 471 805 535 in
818 471 869 535 ed.
882 496 929 561 pr.
943 472 963 536 J
967 524 974 537 .
987 473 1041 538 Fr.
1055 472 1182 541 Grono-

153 572 190 636 vii
197 625 206 657 ,
216 575 300 639 unde
309 588 447 640 nostram
459 574 589 663 exprimi
599 576 786 643 curavimus.
800 576 842 642 H.
854 577 886 659 l,
901 600 935 661 2,
949 578 983 643 in
995 578 1067 645 odd.
1078 578 1180 647 Gron.

145 678 186 743 ad
197 677 290 742 verba
302 679 380 742 odio
395 694 429 742 et
446 694 572 745 terrore
586 695 632 745 est
646 679 763 769 duplex
774 697 848 746 uota
861 681 963 769 Lipsii
978 706 985 742 τ
1000 704 1056 749 nos
1067 704 1086 747 e
1096 698 1182 749 sexta

147 784 352 869 reposuimus.
363 782 429 866 111,
440 798 518 848 extr.
530 798 642 849 temere
655 782 765 849 omissa
778 800 824 850 est
837 783 943 851 notula
955 785 1047 850 etiam
1055 784 1089 850 iu
1097 803 1183 855 sexta

146 880 235 973 Lips.
247 909 344 976 quam
356 909 414 951 nos
426 908 443 951 e
455 886 547 952 tertia
556 887 760 954 restituimus.
774 889 876 954 Usum
890 912 954 954 esse
968 888 1110 979 Lipsium
1126 915 1183 956 co-

144 987 269 1054 dicibus
284 990 442 1055 Vaticanis
454 1006 485 1056 et
499 991 700 1077 Faruesiano,
713 1009 784 1058 ante
793 993 931 1076 dictum,
946 994 1022 1059 item
1032 996 1183 1085 excerptis

143 1115 163 1156 e
172 1093 241 1157 cod.
253 1091 425 1177 Agricolae.
438 1092 607 1159 Consuluit
619 1110 651 1161 et
662 1094 814 1161 editiones
826 1111 959 1181 veteres,
972 1098 1026 1163 sed
1040 1121 1102 1163 non
1115 1123 1183 1165 om·

143 1218 198 1261 nes
208 1195 250 1260 ab
267 1196 372 1262 initio.
392 1197 470 1263 Nam
490 1198 524 1262 in
540 1197 686 1264 editionis
697 1199 805 1289 primae
817 1199 997 1289 praesatione
1011 1224 1105 1266 unam
1119 1202 1182 1268 Ve-

141 1314 247 1364 netam
257 1323 276 1365 e
287 1300 401 1367 saeculo
415 1303 646 1393 quintodecimo
658 1318 893 1387 commemorat,
908 1327 1002 1395 quam
1021 1304 1099 1389 sibi,
1117 1311 1180 1390 ait,

142 1428 201 1493 pro
212 1403 295 1470 libro
306 1407 422 1496 scripto
430 1408 536 1474 fuisse.
551 1409 588 1475 ln
597 1409 798 1500 sequentibus
808 1407 970 1497 paullatim
981 1426 1012 1475 et
1021 1409 1096 1476 alias
1105 1434 1180 1476 con-

143 1506 262 1593 suluit,
278 1524 317 1576 ut
327 1510 498 1577 Romanam
509 1536 603 1604 quam
615 1529 720 1597 vocat,
734 1514 766 1578 id
780 1528 825 1578 est
842 1513 1014 1602 Spirensis,
1030 1514 1180 1579 Venetam
1203 1552 1207 1561 ι

141 1610 272 1678 alteram
285 1612 393 1698 Rivii,
410 1614 857 1700 Be1·oaldiuam,Basileensem
874 1616 1034 1700 Rhenani,
1055 1632 1086 1682 et
1104 1618 1130 1682 F
1130 1615 1180 1682 lo-

144 1716 298 1782 sentinam
310 1717 467 1784 Picheuae.
485 1718 638 1809 Spirensis
652 1718 786 1810 exempli
806 1735 948 1808 excerpta
966 1735 1105 1803 tantum,
1123 1744 1180 1786 nec

144 1840 180 1884 aa
197 1835 340 1887 accurata
358 1821 520 1906 babuisse,
542 1822 582 1888 iis
603 1821 750 1912 exemplis
771 1822 918 1887 inductus
936 1824 1046 1907 credo,
1064 1822 1180 1912 quibus

144 1919 292 1991 lectiones
306 1925 423 2014 profert
433 1978 442 2009 ,
453 1950 525 2016 quae
539 1927 572 1992 iu
587 1951 622 1992 ea
634 1950 698 1992 non
710 1927 918 2016 reperiuntur.
938 1925 1070 2018 Aliquot
1084 1927 1181 2015 speci-

145 2025 230 2093 mina
249 2027 410 2117 posuisse,
438 2052 499 2095 non
521 2029 655 2095 alienum
678 2029 790 2113 fuerit,
821 2052 919 2120 eaque
946 2052 983 2095 ex
1011 2053 1074 2094 uuo
1099 2028 1180 2095 libro

145 2127 230 2195 Hiar.
242 2130 301 2215 IV,
317 2130 377 2215 33,
393 2131 452 2216 35,
469 2131 511 2198 65
525 2148 618 2215 extu,
639 2132 680 2221 78
694 2147 794 2217 extr„
809 2132 926 2223 quibus
944 2131 1020 2198 locis
1039 2132 1180 2199 videndoe

145 2250 226 2313 nota
233 2249 359 2311 nosne.
371 2234 478 2301 Etiam
488 2235 644 2304 Gruterus
651 2237 691 2301 ad
702 2234 744 2301 Η.
757 2234 805 2320 ll,
818 2234 879 2319 63,
893 2260 929 2301 ex
942 2236 1078 2302 editione
1086 2237 1179 2304 Rom.

143 2332 250 2405 laudat
270 2337 345 2404 falso
358 2344 459 2405 tenuit
470 2363 525 2429 pto
539 2342 683 2405 terruit:
704 2338 758 2404 sed
778 2338 813 2402 in
831 2335 891 2403 boc
911 2338 1010 2404 facilis
1027 2339 1180 2406 aberratio

146 2440 306 2509 oculorum
323 2442 403 2525 suit,
423 2466 486 2508 non
505 2442 549 2507 ita
569 2442 603 2506 in
623 2440 679 2524 iis,
700 2463 772 2531 quae
794 2457 864 2507 ante
883 2446 1063 2531 posuimus,
1084 2441 1178 2527 locis,

146 2542 274 2636 aliisque
289 2544 447 2634 pluribus.
467 2544 612 2610 Vicissim
629 2540 772 2633 pluribus
791 2541 867 2608 locis
882 2544 910 2609 ei
926 2543 1017 2611 lectio
1035 2545 1180 2612 editionis

146 2648 251 2735 primae
272 2648 378 2732 ignota
397 2649 469 2714 fuit.
492 2647 573 2713 Nam
593 2671 650 2737 pro
671 2651 849 2738 conjectura
869 2671 924 2713 sua
946 2650 1102 2715 interdum
1119 2638 1179 2716 ad·

144 2749 224 2835 sert,
249 2752 335 2840 quod
357 2768 403 2819 est
425 2752 459 2817 in
483 2751 537 2817 illa
564 2751 711 2817 editione.
743 2750 822 2816 Vide
842 2775 871 2817 e.
896 2776 924 2818 c.
950 2769 1037 2820 notas
1062 2770 1179 2820 nostras

145 2853 182 2918 ad
202 2854 244 2919 A.
268 2852 345 2939 XV,
366 2853 426 2939 23,
450 2855 484 2921 in
506 2879 580 2922 voce
601 2854 749 2934 Atticae,·
774 2854 834 2939 30,
853 2871 983 2943 postero
990 2885 1003 2934 ‚·
1025 2857 1085 2940 33,
1106 2861 1180 2924 tirci-

144 2981 241 3043 pere,
265 2983 362 3024 ausus
371 3010 383 3041 ,
407 2975 464 3025 ete.
487 2959 546 3025 Per
566 2961 732 3025 vanitatem
758 2958 886 3050 quidem
910 2983 982 3026 eum
1002 2961 1100 3027 aliena
1122 2986 1179 3050 pro

146 3062 208 3127 suis
221 3062 416 3147 venditasse,
433 3087 495 3129 uon
509 3080 556 3129 est
567 3085 639 3129 vero
658 3061 767 3129 simile.
782 3061 884 3153 Cujus
900 3063 1045 3129 editionis
1059 3080 1179 3130 textrrm

147 3181 213 3233 aute
237 3164 344 3232 oculos
367 3165 512 3232 habuerit
534 3166 682 3256 Lipsius,
704 3188 776 3232 cum
799 3166 946 3232 scriberet
969 3181 1073 3250 notas,
1096 3189 1178 3256 prae-

148 3262 241 3362 lisque
252 3272 505 3355 accommodarit,
520 3271 659 3337 noudum
675 3270 766 3360 potui
781 3269 924 3359 reperire.
947 3269 1100 3356 Vulgatus
1111 3286 1179 3337 tum

148 3386 244 3441 textus
256 3390 323 3441 erat
336 3374 491 3440 Rhenani.
514 3374 642 3465 ltaque,
664 3398 735 3439 cum
756 3373 876 3439 dudum
893 3373 1179 3462 deprehendissem,

116 3560 119 3569 Ι
144 3472 324 3563 lectionem,
335 3502 431 3569 quam
443 3478 510 3568 ipse
521 3482 693 3567 vulgatam
710 3492 818 3562 vocat,
839 3500 902 3543 nou
916 3500 1034 3567 semper
1052 3501 1181 3544 cousen-

149 3578 200 3649 tite
211 3604 286 3649 cum
296 3578 431 3648 lectione
443 3581 588 3647 editionis
600 3581 709 3671 primae
727 3580 887 3664 Rhenani,
903 3584 994 3670 cujus
1005 3581 1179 3671 exemplum

150 3684 333 3752 inmanibus
347 3701 430 3770 erat,
444 3684 608 3775 putabam,
624 3686 766 3751 sectmdae
777 3684 921 3750 Rhenani
932 3682 1076 3750 lectiones
1089 3672 1180 3752 intel-¹

149 3783 207 3871 ligi.
221 3788 285 3856 Sed
298 3812 335 3856 ea
350 3789 552 3879 comparanda
564 3787 682 3873 didici,
696 3788 730 3853 in
743 3785 901 3853 nonnullis
911 3787 1037 3879 quidem
1050 3787 1125 3854 locis
1136 3790 1181 3854 ita

154 3911 222 3978 esse,
238 3909 277 3959 ut
293 3893 470 3982 suspicatus
483 3917 585 3978 eram,
601 3894 654 3959 sed
665 3891 789 3983 plures,
809 3915 886 3982 quas
901 3890 952 3957 ille
968 3890 1105 3976 vulgatas
1119 3891 1180 3957 lec-

150 3992 243 4067 tiones
259 4011 369 4084 vocet,
384 4020 441 4065 uec
456 3997 518 4082 ibi,
539 4020 596 4064 nec
612 3997 645 4064 in
656 3992 722 4063 ulla
734 3993 795 4061 alia
808 3996 1018 4085 superiorum,
1032 4018 1108 4086 quas
1122 3994 1180 4062 ha-
