2692 4824
158 322 235 413 uviij
563 319 806 395 ERNESTI

159 460 277 511 emtum
297 463 361 507 esse
373 437 540 522 Ferrariae,
556 463 583 504 a.
599 438 849 525 MCCCCLXI,
864 440 917 506 die
932 439 1015 507 lunre
1028 440 1201 531 XXVIII,

121 616 123 620 ,
159 562 238 636 sept.
257 573 263 608 ι
278 569 295 611 a
309 542 474 609 Francisco
485 559 590 609 autem
604 544 822 611 Media-barba
831 544 941 630 Birago
951 546 1032 612 dono
1045 564 1093 613 est
1107 550 1201 615 datus

159 651 349 742 Marquardo
364 646 491 733 Gudio,
506 672 544 714 ex
561 653 652 740 cujus
666 649 857 717 bibliotheca
872 649 906 714 in
919 649 1201 742 Guelferbytanam

156 756 254 823 venit.
270 754 332 822 Sed
348 755 386 819 de
397 753 455 819 hoc
468 753 575 819 codice
589 754 669 821 infra
683 755 827 846 pluribus
838 756 948 821 dicam.

189 908 307 978 Denique
324 909 387 959 citat
404 905 541 976 aliquoties
557 905 675 958 Heinsius
687 905 719 958 ad
729 905 761 958 Η.
774 905 807 959 V.
818 904 934 958 codicem
943 905 1048 972 Spinoe,
1060 923 1139 975 quem
1152 925 1200 958 ne·

155 989 218 1042 mini
228 1001 350 1059 praeterea
360 987 495 1040 memorari
505 984 597 1050 video,
608 1004 691 1057 neque
697 1025 705 1050 ,
717 988 775 1057 quis
784 988 902 1057 qualisve
910 987 954 1039 ille
967 988 1016 1050 sit,
1032 1004 1145 1057 prmum
1162 1001 1201 1040 est

155 1067 249 1123 dicere.

198 1184 305 1249 Minor
319 1182 505 1271 scriptorum
520 1203 670 1250 uumerus
684 1195 729 1246 est
747 1180 781 1245 in
795 1180 968 1248 minoribus
990 1180 1122 1267 libellis,
1143 1183 1199 1275 qui

153 1311 226 1355 cum
253 1286 355 1351 Taciti
380 1283 557 1350 Annalibus
584 1299 615 1349 et
638 1283 786 1350 Historiis
809 1286 967 1369 eduntur,
995 1285 1198 1368 Germania,

154 1391 317 1480 Agricola
331 1374 362 1454 et
377 1391 419 1453 de
435 1389 629 1454 Oratoribus
642 1390 797 1477 Diulcgo.
813 1387 903 1474 Quid
918 1413 954 1454 ex
969 1390 1008 1454 iis
1025 1392 1198 1480 reperiatur

154 1497 187 1561 in
197 1493 374 1576 Vaticanis,
391 1491 521 1580 Lipsius
541 1515 603 1556 non
618 1492 733 1575 tradit,
748 1492 808 1558 nisi
824 1480 909 1583 rjucd
923 1492 1094 1579 Dialogum
1106 1494 1198 1562 abiis

153 1598 290 1663 abfuisse
301 1595 418 1662 scribit.
429 1593 569 1660 Libellus
579 1596 619 1660 de
627 1594 769 1666 Moribus
779 1594 886 1662 Germ.
898 1598 1061 1685 separatim
1070 1605 1197 1664 notatur

151 1701 186 1767 in
197 1699 290 1767 MSS.
305 1702 467 1792 Mediceee
483 1699 679 1765 bibliothece
690 1699 769 1789 plut.
786 1700 846 1788 73,
858 1725 891 1765 n.
903 1702 940 1784 6,
952 1724 1003 1790 ap.
1015 1695 1197 1770 Montelalc.

51 1830 53 1837 ’
150 1830 184 1897 p.
197 1806 257 1872 381
273 1858 281 1890 ,
294 1805 369 1871 etin
384 1803 478 1870 MSS.
493 1803 691 1871 bibliothece
703 1804 840 1870 Norsolc.
857 1805 889 1869 in
906 1803 1037 1890 collegio
1053 1806 1197 1876 Grerlra-

137 1915 268 1990 must,
277 1909 362 2000 quod
371 1908 510 1974 Londini
520 1924 575 1974 est.
586 1906 941 1994 Aruudelliauusliber,
951 1915 1043 2000 cujus
1052 1929 1197 2001 excerpta

149 2016 237 2092 dedit
257 2014 336 2080 Abr.
350 2013 551 2096 Gronovius,
568 2014 607 2077 V.
629 2012 665 2078 C.
688 2030 734 2079 est
754 2013 807 2080 ille
829 2013 914 2101 ipsc,
935 2015 991 2105 qui
1014 2014 1073 2080 sub
1096 2017 1195 2083 Bitu.

151 2118 387 2186 Pirclrbeimeri
399 2115 523 2180 nomine
538 2113 660 2180 laudari
672 2114 767 2199 solet,
783 2131 821 2180 ut
836 2132 940 2181 monet
952 2117 983 2183 J.
998 2117 1054 2183 Fr.
1066 2117 1194 2185 Grono-

151 2223 221 2286 vius
238 2221 277 2285 ad
291 2220 398 2285 Germ.
413 2243 441 2284 c.
460 2243 511 2283 11.
534 2217 582 2283 De
600 2217 681 2283 libro
693 2221 927 2310 Bambergeusi
945 2245 1039 2310 supra
1055 2245 1072 2288 e
1089 2222 1196 2293 Medii

150 2323 282 2415 epistola
296 2325 473 2390 dictumest
488 2350 495 2387 :
512 2339 543 2388 et
557 2324 596 2388 de
612 2324 780 2389 Turicerui
790 2324 871 2391 infra
883 2325 1017 2397 diccun.

192 2427 272 2494 Julii
293 2426 446 2513 Agricolae
469 2429 620 2516 scriptum
635 2425 790 2516 exemplar
809 2452 963 2520 nusquam
981 2443 1125 2495 notatum
1147 2454 1194 2498 re·

146 2533 232 2623 peri,
248 2556 303 2598 nec
312 2529 435 2615 Dialogi
450 2532 489 2595 de
503 2530 709 2615 Oratoribus,
722 2547 835 2622 prater
848 2533 1088 2618 Faruesiannm,
1099 2559 1117 2600 e
1128 2560 1193 2626 quc

148 2636 278 2725 Lipsius
292 2659 364 2701 eum
378 2635 511 2700 correxit
525 2661 531 2698 :
546 2636 602 2726 qui
622 2637 665 2701 ita
680 2660 777 2725 pauca
791 2637 905 2727 scripta
918 2642 986 2727 ejus
997 2636 1071 2703 libri
1087 2661 1192 2712 exem-

147 2741 245 2831 plaria
260 2763 324 2806 esse
337 2741 415 2806 dicit
434 2740 467 2804 in
489 2741 670 2828 praefatione
684 2740 777 2826 libri,
793 2742 896 2807 utrix
916 2743 979 2807 duo
1001 2758 1056 2807 aut
1076 2742 1137 2813 tria
1158 2743 1192 2811 in

147 2845 232 2909 omni
246 2844 375 2933 Europa
389 2867 453 2910 esse
463 2861 564 2933 putet.
579 2845 671 2912 Nunc
685 2847 829 2912 universe
843 2845 965 2936 aliquid
978 2847 1016 2912 de
1028 2847 1191 2917 codicibus

147 2947 270 3037 scriptis
282 2948 385 3013 Taciti
398 2948 566 3015 dicendum
577 2951 712 3016 videtur.

191 3052 238 3116 Ac
253 3052 388 3140 primum
404 3050 475 3117 libri
488 3053 592 3118 Taciti
606 3076 668 3117 non
683 3054 789 3119 eodem
807 3055 900 3119 modo
916 3055 949 3119 in
968 3056 1060 3121 codd.
1077 3054 1190 3121 inscri-

146 3153 273 3220 buntur.
285 3155 448 3223 vActorum
463 3154 511 3235 vel
528 3155 703 3221 Actiacum
721 3157 918 3223 diurnalium
934 3160 1095 3226 Historiae
1109 3158 1189 3224 Au-

144 3276 250 3347 gustae
269 3261 366 3324 libros
386 3258 571 3350 plerumque
584 3261 705 3344 vocari,
726 3259 910 3346 intelligitur
924 3263 1040 3351 partim
1054 3286 1071 3327 e
1085 3263 1190 3330 titulis

145 3363 288 3427 codicum
298 3365 382 3451 apud
395 3362 673 3429 Montelalconinnr
686 3366 785 3448 (adde
796 3366 942 3455 Lipsium
953 3368 992 3432 ad
1004 3367 1087 3433 Anu.
1099 3368 1114 3431 I
1126 3421 1135 3452 ,
1150 3392 1161 3432 1
1176 3371 1189 3450 )

145 3480 176 3529 et
191 3464 262 3531 MS.
279 3465 386 3532 Guelf.
402 3468 515 3555 partim
528 3491 544 3533 e
558 3469 713 3535 veteribus
727 3470 918 3536 editionibus
932 3470 984 3534 Fr.
1001 3468 1188 3555 Puteolani,

143 3567 311 3653 Frobenii,
327 3595 354 3635 a.
374 3571 457 3656 1519
468 3589 584 3638 curata.
599 3571 660 3637 Sed
673 3596 735 3638 non
745 3595 849 3638 omnes
860 3571 955 3638 libros
968 3573 1168 3640 itahabnisse
1177 3626 1187 3661 ,

144 3672 305 3738 diversitas
321 3676 480 3740 edentium
489 3678 601 3762 arguit.
617 3677 654 3741 In
668 3677 803 3744 editione
817 3677 958 3766 principe
969 3677 990 3741 J
991 3702 1018 3742 o.
1032 3677 1190 3766 Spirensis

145 3774 232 3841 nulla
246 3792 289 3841 est
304 3777 467 3867 inscriptio
482 3795 536 3844 aut
551 3779 737 3868 subscriptio
749 3778 920 3863 librorum,
935 3781 995 3847 nisi
1009 3781 1043 3846 in
1055 3779 1187 3847 Germa-

140 3869 203 3945 'uia
228 3879 396 3986 Beropldus
419 3882 574 3971 inscripsit
597 3883 712 3949 Libros
734 3885 956 3950 Historiarum
978 3887 1020 3949 ub
1049 3909 1190 3955 excessu

144 3983 313 4074 Arrgusti:
328 4009 367 4053 an
379 4009 396 4054 e
409 3984 491 4053 libro
507 3984 562 4053 illo
575 3984 884 4075 Corbeio-Mediceo,
908 4012 971 4057 non
991 4011 1117 4083 possurn
1132 3989 1187 4059 di.-
