2692 4824
141 343 205 432 xxij
533 332 777 402 ERNESTI

143 464 264 549 adyta,
280 481 352 527 111111
366 461 398 522 in
413 455 461 522 ed.
477 455 558 543 Spir.
577 459 618 522 sit
633 455 724 520 edita
744 482 754 517 :
776 457 810 521 in
829 475 865 518 eo
878 451 957 519 lorte
970 474 1054 520 error
1067 452 1183 546 aliquis

142 567 332 647 intercessit,
354 565 409 654 qui
432 565 464 626 in
484 559 543 625 hoc
566 582 675 644 genere
697 557 786 624 facile
799 557 923 646 obrepit
937 555 1185 642 diligentissimis

142 673 268 735 criticis.
292 668 336 733 At
356 666 449 731 bodie
470 668 577 754 opinio
597 679 702 747 tenet,
720 662 858 728 Venetiis
878 685 905 727 a.
928 659 1012 742 1468
1028 660 1077 726 vel
1099 659 1186 747 1469

142 775 228 840 hunc
241 772 357 838 librum
373 770 533 859 prodiisse.
550 767 589 832 V.
600 765 753 831 Maittarii
764 765 890 830 Aneiai.
905 779 928 830 t.
945 766 981 849 l,
995 790 1027 854 p.
1043 767 1109 846 665
1126 766 1186 831 Fa·

142 877 235 943 bricii
254 876 337 942 Bibl.
357 877 417 939 lat.
436 873 474 956 1,
498 897 529 960 p.
551 869 628 959 471.
650 869 767 938 Caussa
788 872 944 959 opinionis
963 886 1030 953 est,
1045 869 1186 961 quodex

143 980 212 1047 aliis
231 979 319 1045 libris
340 993 458 1045 constat
468 1029 477 1061 ,
498 976 572 1041 tole
594 975 771 1065 Spirensem
791 975 948 1041 officinam
959 973 1109 1041 habuisse
1121 972 1186 1040 Ve-

142 1089 253 1169 netiis‚
269 1083 378 1173 ibique
391 1098 487 1148 artem
502 1105 589 1152 suam
604 1085 788 1148 exercuisse.
811 1079 872 1146 Sed
893 1083 995 1168 prisca
1008 1077 1062 1145 illa
1077 1083 1185 1168 opinio

143 1191 268 1256 videtur
280 1186 385 1253 locum
398 1188 519 1253 dedisse
533 1188 664 1253 editioni
678 1206 811 1252 romanae
822 1187 1041 1250 commentitie
1049 1236 1058 1268 ,
1067 1183 1108 1248 eb
1120 1184 1186 1252 edi·

73 1295 75 1299 ’
143 1298 228 1359 tione
248 1291 402 1380 Spirensis
421 1291 567 1373 diversae,
581 1312 670 1381 quae,
690 1293 794 1356 neseio
812 1289 913 1372 unde,
928 1302 1186 1363 commemoratur

144 1395 338 1478 aFnbricio‚
353 1396 594 1484 adsignaturque
610 1418 636 1460 a.
654 1391 748 1479 1495.
772 1393 851 1459 Nam
873 1391 965 1458 talem
987 1392 1185 1458 editionema

144 1504 266 1567 nemine
282 1497 363 1582 alio,
379 1503 550 1588 praesertim
564 1500 675 1565 idoneo
690 1514 838 1581 auctore,
854 1512 1120 1568 commemoratam
1139 1519 1187 1562 re·

145 1608 222 1692 peri.
242 1601 389 1668 Ceterum
409 1603 448 1666 de
470 1625 549 1668 anno
567 1603 666 1693 hujus
686 1605 831 1670 editionis
851 1600 933 1667 nihil
948 1605 1025 1667 certi
1040 1616 1096 1668 est.
1118 1600 1186 1666 Hoc

146 1712 220 1777 satis
239 1722 357 1773 constat
370 1729 387 1772 e
400 1706 558 1790 versibus,
582 1706 732 1796 subjectis
752 1705 891 1795 ejusdem
910 1706 1037 1770 artificis
1058 1704 1188 1772 editioni

116 1864 119 1869 .
145 1810 345 1901 epistolarum
362 1809 519 1878 Ciceronis
533 1811 572 1876 ad
586 1813 740 1895 diversos,
760 1810 820 1876 hoc
834 1809 992 1876 Ciceronis
1005 1831 1104 1898 opus,
1120 1813 1188 1897 pri·
1214 1860 1217 1865 ,

145 1938 233 1982 mum
252 1939 315 1982 esse
336 1915 473 2000 librum,
494 1921 550 2008 qui
571 1916 712 1983 Venetiis
731 1916 771 1981 ab
792 1939 828 1981 eo
848 1916 952 1980 editus
970 1916 1020 1978 sit.
1041 1912 1144 2003 Atqui
1161 1915 1190 1979 is

144 2018 226 2085 liber
245 2019 371 2109 praefert
392 2043 508 2085 annum
530 2019 624 2104 1469.
647 2020 740 2087 Unde
765 2019 884 2085 clarum
903 2018 1040 2099 videtur,
1060 2030 1116 2080 aut
1134 2013 1189 2080 illo

146 2127 214 2211 ipso
224 2124 349 2188 demum
359 2146 438 2188 anno
448 2175 457 2207 ,
469 2139 523 2188 aut
536 2122 642 2211 paullo
655 2139 744 2212 post,
759 2121 862 2188 Taciti
876 2120 974 2186 libros
987 2119 1027 2186 ab
1041 2142 1077 2185 eo
1089 2121 1190 2184 editos

148 2248 221 2291 esse.
241 2224 340 2309 Nam,
361 2227 446 2316 quod
466 2230 500 2291 in
520 2224 620 2292 Catal.
641 2225 721 2292 bibl.
743 2226 906 2292 clarissimi
928 2221 1126 2308 Francogalli
1146 2223 1190 2287 de

148 2331 256 2410 Boze,
275 2328 464 2395 editionibus
482 2331 640 2400 veteribus
660 2329 837 2419 plenissime
856 2352 956 2396 annus
970 2331 1011 2417 67
1028 2327 1105 2396 huic
1118 2327 1190 2395 edi·

148 2436 225 2497 tioni
239 2436 422 2518 assignatio,
437 2436 510 2522 quia
524 2435 557 2498 in
567 2433 708 2498 versibus
719 2435 760 2498 ad
769 2431 885 2499 calcem
894 2432 1044 2523 subiectis
1052 2436 1190 2522 primum

149 2533 168 2597 J
170 2534 220 2602 oh.
231 2535 384 2624 Spirensis
394 2559 474 2624 opus
486 2537 618 2620 dicatur,
632 2538 666 2602 id
679 2536 791 2603 falsum
803 2553 865 2602 est:
880 2539 1191 2625 artisglorioprima

150 2659 233 2717 sace,
250 2641 289 2704 ad
304 2640 452 2707 artificem
464 2644 616 2730 pertinet,
633 2664 696 2706 non
709 2642 748 2706 ad
762 2665 842 2730 opus
857 2641 992 2706 artificis.

180 2790 232 2843 Sed
242 2790 274 2843 de
284 2791 333 2844 hoe
343 2791 390 2844 sub
399 2791 483 2862 judice
492 2794 523 2845 lis
533 2807 579 2846 est.
591 2792 696 2846 Scilicet
705 2793 774 2847 istud
785 2791 952 2846 tetrastichon
966 2793 1002 2845 its
1011 2790 1089 2844 babet
1099 2811 1106 2841 ε

261 2893 378 2936 Caesareos
388 2905 462 2935 atores
471 2893 548 2936 scribit
558 2893 674 2935 Cornelius
677 2909 687 2947 ,·
695 2901 746 2936 ecto

303 2965 351 3008 Iste
361 2963 400 3006 tibi
412 2963 499 3006 codex.-
508 2964 608 3007 lriston‘oe
615 2972 684 3020 pater
691 2972 733 3007 est.

260 3036 349 3092 Insigni
356 3048 422 3091 quem
431 3036 498 3078 laude
502 3036 565 3092 feret
573 3050 627 3090 gens
634 3045 725 3091 postera
734 3049 742 3078 .·
750 3037 834 3092 pressit

303 3107 369 3161 Spera
378 3119 484 3162 premens
494 3121 501 3148 .·
512 3110 569 3150 artis
578 3109 734 3165 εἶα-1111111111
745 3120 800 3151 suoe.

150 3193 289 3247 Cherillier
298 3194 324 3245 in
334 3192 452 3261 l'on'gs'ne
461 3193 493 3243 de
502 3194 674 3260 l'impra'merie
684 3193 716 3245 de
726 3194 822 3255 Paris,
838 3211 865 3263 p.
883 3195 912 3245 61
926 3232 933 3256 ,
944 3192 1002 3244 1111
1012 3193 1075 3242 ants
1085 3191 1192 3246 exbibet

149 3277 242 3341 gentis,
259 3293 305 3345 per
322 3276 449 3327 memoriae
464 3276 578 3346 lapsum,
595 3290 669 3346 puto.
689 3275 819 3346 Quaeritur
834 3273 892 3338 1111,
906 3276 984 3343 Spira
991 3273 1191 3342 premensdesi·

150 3369 241 3424 gnetne
258 3356 400 3407 Jolsunnem
418 3356 450 3407 de
460 3359 537 3423 Spica
545 3376 599 3421 ,111
612 3360 641 3408 V
640 3357 782 3409 endelinum
794 3357 847 3428 ejus
856 3357 963 3427 fratrem
972 3355 984 3405 1
994 3355 1034 3406 De
1043 3354 1092 3407 hoc
1103 3356 1191 3426 expli·

150 3449 192 3487 eat
207 3435 339 3489 Fabricius
349 3439 368 3489 l.
384 3457 407 3489 1.
420 3456 497 3508 quem
508 3440 624 3510 sequitur
633 3438 675 3490 Cl.
687 3438 798 3490 Exterus
807 3439 833 3489 in
843 3437 978 3488 edr'tionum
991 3437 1072 3487 Taciti
1080 3435 1192 3505 puato.

149 3517 211 3568 llaec
227 3517 314 3586 opinio
332 3518 435 3570 videtur
452 3519 546 3571 firmari
566 3539 611 3582 eo,
626 3518 696 3590 qnod
713 3521 878 3590 privilegium
895 3533 910 3567 a
927 3530 1016 3568 serato
1031 3517 1131 3568 Veneto
1148 3517 1193 3569 die

152 3603 182 3655 18
200 3610 263 3668 sept.
282 3616 304 3651 a.
323 3600 400 3670 1469,
416 3601 433 3650 J
435 3599 527 3654 obanni
537 3601 570 3652 de
580 3600 656 3671 Spirn
666 3600 809 3665 indultum,
823 3599 893 3671 quod
903 3617 984 3669 nuper
993 3598 1117 3668 produxit
1126 3597 1192 3650 Mo-

149 3679 253 3740 rellius,
268 3679 339 3748 cujus
349 3683 425 3733 etiam
437 3684 554 3734 meminit
563 3683 679 3736 Marinus
688 3681 800 3735 Sanetus
810 3683 836 3733 111
845 3681 905 3732 vitis
915 3680 1007 3730 dueum
1019 3681 1194 3743 Venetorum,

150 3773 170 3811 t.
181 3760 270 3823 XXII,
280 3763 326 3812 SS.
337 3765 400 3814 RR.
411 3765 474 3815 Ital.
485 3765 623 3817 Muratorii
640 3767 690 3818 col.
710 3768 788 3828 1168,
803 3783 853 3815 non
864 3764 913 3814 nisi
922 3762 1032 3813 duorum
1043 3778 1150 3831 operum
1160 3779 1194 3812 ex

149 3841 229 3911 praelo
238 3841 254 3891 J
257 3840 361 3895 ohannis
370 3863 563 3916 progressorum
573 3849 728 3899 mentionem
739 3846 815 3911 sarcit,
827 3845 995 3917 epistolarum
1005 3843 1102 3895 seilicet
1111 3840 1193 3894 Cice-

150 3923 220 3974 ronis
237 3935 262 3974 et
279 3921 355 3977 Plinii
366 3927 398 3976 H.
409 3925 445 3978 N.
456 3926 577 3999 quodque
589 3940 653 3979 teste
662 3924 784 3978 Motellio
796 3924 846 3994 (V.
860 3925 963 3976 Panzer.
974 3923 1076 3976 Annal.
1086 3934 1192 3992 typogr.

150 4004 202 4054 rol.
214 4004 368 4076 111,p.6a)
380 4007 405 4059 in
416 4007 527 4074 codicis,
543 4028 575 4062 ex
584 4028 636 4082 quo
646 4010 668 4062 11
682 4009 846 4080 privilegium
860 4008 1005 4078 excerpsit,
1017 4005 1131 4075 margine
1141 4003 1195 4058 ad·
