<?xml version="1.0" encoding="UTF-8"?>
<!DOCTYPE html PUBLIC "-//W3C//DTD XHTML 1.0 Transitional//EN"
    "http://www.w3.org/TR/xhtml1/DTD/xhtml1-transitional.dtd">
<html xmlns="http://www.w3.org/1999/xhtml" xml:lang="en" lang="en">
 <head>
  <title>
</title>
<meta http-equiv="Content-Type" content="text/html;charset=utf-8" />
  <meta name='ocr-system' content='tesseract 3.04.00' />
  <meta name='ocr-capabilities' content='ocr_page ocr_carea ocr_par ocr_line ocrx_word'/>
</head>
<body>
  <div class='ocr_page' id='page_1' title='image "bibliothecaclas33lemagoog_0040.png"; bbox 0 0 2692 4824; ppageno 0'>
   <div class='ocr_carea' id='block_1_1' title="bbox 523 274 1194 428">
    <p class='ocr_par' dir='ltr' id='par_1_1' title="bbox 523 274 1194 428">
     <span class='ocr_line' id='line_1_1' title="bbox 523 274 1194 428; baseline 0.016 -36"><span class='ocrx_word' id='word_1_1' title='bbox 523 274 813 397; x_wconf 73' lang='lat' dir='ltr'>esuritio.</span> <span class='ocrx_word' id='word_1_2' title='bbox 905 415 907 418; x_wconf 5' lang='lat' dir='ltr'>y</span> <span class='ocrx_word' id='word_1_3' title='bbox 1112 337 1194 428; x_wconf 65' lang='lat' dir='ltr'>xrs,</span> 
     </span>
    </p>
   </div>
   <div class='ocr_carea' id='block_1_2' title="bbox 155 438 1241 686">
    <p class='ocr_par' dir='ltr' id='par_1_2' title="bbox 155 438 1241 686">
     <span class='ocr_line' id='line_1_2' title="bbox 156 438 1191 518; baseline 0.01 -19"><span class='ocrx_word' id='word_1_4' title='bbox 156 438 238 518; x_wconf 84' lang='lat' dir='ltr'>jectum</span> <span class='ocrx_word' id='word_1_5' title='bbox 246 447 353 516; x_wconf 81' lang='lat' dir='ltr'>legitur,</span> <span class='ocrx_word' id='word_1_6' title='bbox 369 459 421 498; x_wconf 91' lang='lat' dir='ltr'>non</span> <span class='ocrx_word' id='word_1_7' title='bbox 432 446 517 499; x_wconf 84' lang='lat' dir='ltr'>valere</span> <span class='ocrx_word' id='word_1_8' title='bbox 527 445 592 510; x_wconf 90' lang='lat' dir='ltr'>hoc,</span> <span class='ocrx_word' id='word_1_9' title='bbox 603 449 664 518; x_wconf 78' lang='lat' dir='ltr'>quia</span> <span class='ocrx_word' id='word_1_10' title='bbox 674 449 794 518; x_wconf 80' lang='lat' dir='ltr'>magister</span> <span class='ocrx_word' id='word_1_11' title='bbox 802 449 932 502; x_wconf 77' lang='lat' dir='ltr'>iohannes</span> <span class='ocrx_word' id='word_1_12' title='bbox 944 449 1045 504; x_wconf 86' lang='lat' dir='ltr'>obierit.</span> <span class='ocrx_word' id='word_1_13' title='bbox 1055 452 1131 507; x_wconf 84' lang='lat' dir='ltr'>Hunc</span> <span class='ocrx_word' id='word_1_14' title='bbox 1140 473 1191 508; x_wconf 88' lang='lat' dir='ltr'>au··</span> 
     </span>
     <span class='ocr_line' id='line_1_3' title="bbox 157 527 1241 609; baseline 0.007 -28"><span class='ocrx_word' id='word_1_15' title='bbox 157 544 198 581; x_wconf 90' lang='lat' dir='ltr'>tem</span> <span class='ocrx_word' id='word_1_16' title='bbox 207 530 264 599; x_wconf 90' lang='lat' dir='ltr'>ipso</span> <span class='ocrx_word' id='word_1_17' title='bbox 274 546 342 580; x_wconf 87' lang='lat' dir='ltr'>anno</span> <span class='ocrx_word' id='word_1_18' title='bbox 359 527 424 597; x_wconf 72' lang='lat'>1469</span> <span class='ocrx_word' id='word_1_19' title='bbox 437 527 479 578; x_wconf 88' lang='lat' dir='ltr'>vel</span> <span class='ocrx_word' id='word_1_20' title='bbox 491 529 564 579; x_wconf 91' lang='lat' dir='ltr'>initio</span> <span class='ocrx_word' id='word_1_21' title='bbox 575 531 704 600; x_wconf 87' lang='lat' dir='ltr'>sequentis</span> <span class='ocrx_word' id='word_1_22' title='bbox 715 530 799 582; x_wconf 89' lang='lat' dir='ltr'>subita</span> <span class='ocrx_word' id='word_1_23' title='bbox 811 544 893 582; x_wconf 91' lang='lat' dir='ltr'>morte</span> <span class='ocrx_word' id='word_1_24' title='bbox 903 546 1063 603; x_wconf 85' lang='lat' dir='ltr'>peremptum</span> <span class='ocrx_word' id='word_1_25' title='bbox 1075 574 1081 593; x_wconf 88' lang='lat'><strong>‚</strong></span> <span class='ocrx_word' id='word_1_26' title='bbox 1093 555 1124 586; x_wconf 87' lang='lat' dir='ltr'>cx</span> <span class='ocrx_word' id='word_1_27' title='bbox 1134 539 1190 607; x_wconf 88' lang='lat' dir='ltr'>epi·</span> <span class='ocrx_word' id='word_1_28' title='bbox 1240 604 1241 609; x_wconf 12' lang='lat'>¹</span> 
     </span>
     <span class='ocr_line' id='line_1_4' title="bbox 155 608 1189 686; baseline 0.011 -27"><span class='ocrx_word' id='word_1_29' title='bbox 155 609 239 680; x_wconf 76' lang='lat' dir='ltr'>graphe</span> <span class='ocrx_word' id='word_1_30' title='bbox 260 609 360 679; x_wconf 85' lang='lat' dir='ltr'>adjecta</span> <span class='ocrx_word' id='word_1_31' title='bbox 375 609 522 678; x_wconf 79' lang='lat' dir='ltr'>Augustino</span> <span class='ocrx_word' id='word_1_32' title='bbox 536 608 568 660; x_wconf 91' lang='lat' dir='ltr'>de</span> <span class='ocrx_word' id='word_1_33' title='bbox 584 608 698 661; x_wconf 87' lang='lat' dir='ltr'>Civitate</span> <span class='ocrx_word' id='word_1_34' title='bbox 715 611 764 662; x_wconf 88' lang='lat' dir='ltr'>Dei</span> <span class='ocrx_word' id='word_1_35' title='bbox 779 624 866 680; x_wconf 88' lang='lat' dir='ltr'>patet,</span> <span class='ocrx_word' id='word_1_36' title='bbox 884 630 959 683; x_wconf 89' lang='lat' dir='ltr'>quem</span> <span class='ocrx_word' id='word_1_37' title='bbox 970 614 1002 666; x_wconf 90' lang='lat' dir='ltr'>ab</span> <span class='ocrx_word' id='word_1_38' title='bbox 1013 617 1062 667; x_wconf 88' lang='lat' dir='ltr'>isto</span> <span class='ocrx_word' id='word_1_39' title='bbox 1073 631 1189 686; x_wconf 87' lang='lat' dir='ltr'>coeptum</span> 
     </span>
    </p>
   </div>
   <div class='ocr_carea' id='block_1_3' title="bbox 99 688 1288 2797">
    <p class='ocr_par' dir='ltr' id='par_1_3' title="bbox 99 688 1288 2797">
     <span class='ocr_line' id='line_1_5' title="bbox 152 688 1190 769; baseline 0.007 -28"><span class='ocrx_word' id='word_1_40' title='bbox 152 691 253 757; x_wconf 75' lang='lat' dir='ltr'>perfecit</span> <span class='ocrx_word' id='word_1_41' title='bbox 263 702 290 742; x_wconf 76' lang='lat' dir='ltr'>a:</span> <span class='ocrx_word' id='word_1_42' title='bbox 301 690 364 758; x_wconf 68' lang='lat'><strong>1470</strong></span> <span class='ocrx_word' id='word_1_43' title='bbox 371 728 379 753; x_wconf 96' lang='lat'>,</span> <span class='ocrx_word' id='word_1_44' title='bbox 387 688 544 740; x_wconf 88' lang='lat' dir='ltr'>Vendelinus</span> <span class='ocrx_word' id='word_1_45' title='bbox 555 689 634 740; x_wconf 80' lang='lat' dir='ltr'>frater</span> <span class='ocrx_word' id='word_1_46' title='bbox 644 695 651 753; x_wconf 60' lang='lat' dir='ltr'>l</span> <span class='ocrx_word' id='word_1_47' title='bbox 661 689 703 742; x_wconf 79' lang='lat' dir='ltr'>cf.</span> <span class='ocrx_word' id='word_1_48' title='bbox 715 690 811 747; x_wconf 82' lang='lat' dir='ltr'>Panzer</span> <span class='ocrx_word' id='word_1_49' title='bbox 818 693 835 744; x_wconf 90' lang='lat' dir='ltr'>l.</span> <span class='ocrx_word' id='word_1_50' title='bbox 847 711 870 743; x_wconf 91' lang='lat' dir='ltr'>c.</span> <span class='ocrx_word' id='word_1_51' title='bbox 882 713 908 762; x_wconf 88' lang='lat' dir='ltr'>p.</span> <span class='ocrx_word' id='word_1_52' title='bbox 919 695 951 761; x_wconf 71' lang='grc'>64</span> <span class='ocrx_word' id='word_1_53' title='bbox 972 734 977 745; x_wconf 93' lang='grc'><strong><em>.</em></strong></span> <span class='ocrx_word' id='word_1_54' title='bbox 988 696 1018 747; x_wconf 93' lang='lat' dir='ltr'>ln</span> <span class='ocrx_word' id='word_1_55' title='bbox 1028 695 1075 748; x_wconf 84' lang='lat' dir='ltr'>hsc</span> <span class='ocrx_word' id='word_1_56' title='bbox 1086 716 1190 769; x_wconf 81' lang='lat' dir='ltr'>quoqne</span> 
     </span>
     <span class='ocr_line' id='line_1_6' title="bbox 99 768 1192 843; baseline 0.011 -21"><span class='ocrx_word' id='word_1_57' title='bbox 99 768 101 783; x_wconf 92' lang='lat'>&#39;</span> <span class='ocrx_word' id='word_1_58' title='bbox 152 771 284 842; x_wconf 70' lang='lat' dir='ltr'>epigraphe</span> <span class='ocrx_word' id='word_1_59' title='bbox 300 770 316 821; x_wconf 86' lang='lat' dir='ltr'>J</span> <span class='ocrx_word' id='word_1_60' title='bbox 319 769 432 822; x_wconf 89' lang='lat' dir='ltr'>ohannes</span> <span class='ocrx_word' id='word_1_61' title='bbox 448 789 499 822; x_wconf 87' lang='lat' dir='ltr'>non</span> <span class='ocrx_word' id='word_1_62' title='bbox 509 772 558 822; x_wconf 88' lang='lat' dir='ltr'>nisi</span> <span class='ocrx_word' id='word_1_63' title='bbox 570 770 703 843; x_wconf 80' lang='lat' dir='ltr'>Ciceronis</span> <span class='ocrx_word' id='word_1_64' title='bbox 714 774 836 843; x_wconf 84' lang='lat' dir='ltr'>epistolas</span> <span class='ocrx_word' id='word_1_65' title='bbox 844 787 871 825; x_wconf 88' lang='lat' dir='ltr'>et</span> <span class='ocrx_word' id='word_1_66' title='bbox 879 773 957 828; x_wconf 84' lang='lat' dir='ltr'>Plinii</span> <span class='ocrx_word' id='word_1_67' title='bbox 969 777 1001 828; x_wconf 88' lang='grc' dir='ltr'>Η.</span> <span class='ocrx_word' id='word_1_68' title='bbox 1012 777 1046 828; x_wconf 87' lang='lat' dir='ltr'>N.</span> <span class='ocrx_word' id='word_1_69' title='bbox 1058 779 1192 834; x_wconf 75' lang='lat' dir='ltr'>excudisec</span> 
     </span>
     <span class='ocr_line' id='line_1_7' title="bbox 150 853 1188 928; baseline 0.009 -24"><span class='ocrx_word' id='word_1_70' title='bbox 150 853 248 919; x_wconf 87' lang='lat' dir='ltr'>dicitur,</span> <span class='ocrx_word' id='word_1_71' title='bbox 266 854 339 905; x_wconf 89' lang='lat' dir='ltr'>nulla</span> <span class='ocrx_word' id='word_1_72' title='bbox 359 854 487 905; x_wconf 82' lang='lat' dir='ltr'><strong>mentione</strong></span> <span class='ocrx_word' id='word_1_73' title='bbox 504 854 573 906; x_wconf 83' lang='lat' dir='ltr'>facta</span> <span class='ocrx_word' id='word_1_74' title='bbox 591 853 685 906; x_wconf 84' lang='lat' dir='ltr'><strong>Taciti.</strong></span> <span class='ocrx_word' id='word_1_75' title='bbox 702 855 798 906; x_wconf 89' lang='lat' dir='ltr'>Verum</span> <span class='ocrx_word' id='word_1_76' title='bbox 816 855 971 909; x_wconf 78' lang='lat' dir='ltr'>Vendelinns</span> <span class='ocrx_word' id='word_1_77' title='bbox 985 859 1130 928; x_wconf 73' lang='lat' dir='ltr'>Augustino</span> <span class='ocrx_word' id='word_1_78' title='bbox 1147 863 1188 913; x_wconf 89' lang='lat' dir='ltr'>iu-</span> 
     </span>
     <span class='ocr_line' id='line_1_8' title="bbox 149 933 1190 1007; baseline 0.006 -21"><span class='ocrx_word' id='word_1_79' title='bbox 149 934 237 989; x_wconf 62' lang='lat' dir='ltr'>drono</span> <span class='ocrx_word' id='word_1_80' title='bbox 243 953 260 986; x_wconf 88' lang='lat' dir='ltr'>a</span> <span class='ocrx_word' id='word_1_81' title='bbox 269 934 350 986; x_wconf 82' lang='lat' dir='ltr'>fratre</span> <span class='ocrx_word' id='word_1_82' title='bbox 360 933 464 986; x_wconf 88' lang='lat' dir='ltr'>demum</span> <span class='ocrx_word' id='word_1_83' title='bbox 475 935 652 1004; x_wconf 85' lang='lat' dir='ltr'>supervenisse</span> <span class='ocrx_word' id='word_1_84' title='bbox 662 935 792 1000; x_wconf 71' lang='lat' dir='ltr'>scribitur,</span> <span class='ocrx_word' id='word_1_85' title='bbox 803 955 885 1007; x_wconf 89' lang='lat' dir='ltr'>neque</span> <span class='ocrx_word' id='word_1_86' title='bbox 892 935 1027 990; x_wconf 88' lang='lat' dir='ltr'>Vendeliui</span> <span class='ocrx_word' id='word_1_87' title='bbox 1035 939 1113 990; x_wconf 87' lang='lat' dir='ltr'>ullam</span> <span class='ocrx_word' id='word_1_88' title='bbox 1120 959 1190 992; x_wconf 86' lang='lat' dir='ltr'>meu·¹</span> 
     </span>
     <span class='ocr_line' id='line_1_9' title="bbox 147 1015 1186 1089; baseline 0.006 -22"><span class='ocrx_word' id='word_1_89' title='bbox 147 1019 239 1069; x_wconf 88' lang='lat' dir='ltr'>tionem</span> <span class='ocrx_word' id='word_1_90' title='bbox 258 1016 323 1068; x_wconf 83' lang='lat' dir='ltr'>facit</span> <span class='ocrx_word' id='word_1_91' title='bbox 339 1016 504 1087; x_wconf 82' lang='lat' dir='ltr'>privilegium</span> <span class='ocrx_word' id='word_1_92' title='bbox 521 1027 630 1067; x_wconf 87' lang='lat' dir='ltr'>senatus.</span> <span class='ocrx_word' id='word_1_93' title='bbox 649 1015 757 1068; x_wconf 87' lang='lat' dir='ltr'>Nullum</span> <span class='ocrx_word' id='word_1_94' title='bbox 773 1017 879 1085; x_wconf 83' lang='lat' dir='ltr'>proinde</span> <span class='ocrx_word' id='word_1_95' title='bbox 895 1016 1004 1071; x_wconf 90' lang='lat' dir='ltr'>dubium</span> <span class='ocrx_word' id='word_1_96' title='bbox 1020 1037 1072 1071; x_wconf 85' lang='lat' dir='ltr'>esse</span> <span class='ocrx_word' id='word_1_97' title='bbox 1082 1033 1186 1089; x_wconf 89' lang='lat' dir='ltr'>potest,</span> 
     </span>
     <span class='ocr_line' id='line_1_10' title="bbox 146 1094 1190 1167; baseline 0.005 -19"><span class='ocrx_word' id='word_1_98' title='bbox 146 1099 205 1167; x_wconf 90' lang='lat' dir='ltr'>quin</span> <span class='ocrx_word' id='word_1_99' title='bbox 214 1099 281 1148; x_wconf 64' lang='lat' dir='ltr'>artu</span> <span class='ocrx_word' id='word_1_100' title='bbox 288 1097 374 1166; x_wconf 67' lang='lat' dir='ltr'>gioria</span> <span class='ocrx_word' id='word_1_101' title='bbox 381 1097 468 1164; x_wconf 80' lang='lat' dir='ltr'>prima</span> <span class='ocrx_word' id='word_1_102' title='bbox 478 1095 510 1147; x_wconf 86' lang='lat' dir='ltr'>ad</span> <span class='ocrx_word' id='word_1_103' title='bbox 519 1094 662 1148; x_wconf 75' lang='lat' dir='ltr'>iohannem</span> <span class='ocrx_word' id='word_1_104' title='bbox 672 1097 705 1148; x_wconf 91' lang='lat' dir='ltr'>sit</span> <span class='ocrx_word' id='word_1_105' title='bbox 715 1097 856 1149; x_wconf 80' lang='lat' dir='ltr'>referenda.</span> <span class='ocrx_word' id='word_1_106' title='bbox 867 1099 902 1150; x_wconf 86' lang='lat' dir='ltr'>Et</span> <span class='ocrx_word' id='word_1_107' title='bbox 911 1098 943 1150; x_wconf 80' lang='lat' dir='ltr'>ad</span> <span class='ocrx_word' id='word_1_108' title='bbox 954 1099 1037 1152; x_wconf 78' lang='lat' dir='ltr'>Taciti</span> <span class='ocrx_word' id='word_1_109' title='bbox 1048 1099 1190 1154; x_wconf 78' lang='lat' dir='ltr'>editionem</span> 
     </span>
     <span class='ocr_line' id='line_1_11' title="bbox 145 1176 1288 1253; baseline 0.001 -21"><span class='ocrx_word' id='word_1_110' title='bbox 145 1178 260 1250; x_wconf 74' lang='lat' dir='ltr'>adeoque</span> <span class='ocrx_word' id='word_1_111' title='bbox 270 1178 377 1232; x_wconf 79' lang='lat' dir='ltr'>artificis</span> <span class='ocrx_word' id='word_1_112' title='bbox 387 1197 452 1248; x_wconf 88' lang='lat' dir='ltr'>opus</span> <span class='ocrx_word' id='word_1_113' title='bbox 467 1196 522 1230; x_wconf 88' lang='lat' dir='ltr'>eam</span> <span class='ocrx_word' id='word_1_114' title='bbox 539 1176 640 1230; x_wconf 79' lang='lat' dir='ltr'>leudem</span> <span class='ocrx_word' id='word_1_115' title='bbox 657 1181 801 1247; x_wconf 87' lang='lat' dir='ltr'>pertinere,</span> <span class='ocrx_word' id='word_1_116' title='bbox 819 1180 920 1231; x_wconf 78' lang='lat' dir='ltr'>Debere</span> <span class='ocrx_word' id='word_1_117' title='bbox 934 1180 961 1233; x_wconf 87' lang='lat' dir='ltr'>in</span> <span class='ocrx_word' id='word_1_118' title='bbox 978 1181 1101 1250; x_wconf 72' lang='lat' dir='ltr'>Bibliogr.</span> <span class='ocrx_word' id='word_1_119' title='bbox 1113 1182 1186 1233; x_wconf 71' lang='lat' dir='ltr'>inste.</span> <span class='ocrx_word' id='word_1_120' title='bbox 1287 1244 1288 1253; x_wconf 38' lang='lat'>,</span> 
     </span>
     <span class='ocr_line' id='line_1_12' title="bbox 144 1263 1185 1336; baseline 0.001 -20"><span class='ocrx_word' id='word_1_121' title='bbox 144 1285 167 1316; x_wconf 84' lang='lat' dir='ltr'>n.</span> <span class='ocrx_word' id='word_1_122' title='bbox 177 1265 259 1336; x_wconf 66' lang='lat'>4904,</span> <span class='ocrx_word' id='word_1_123' title='bbox 271 1278 297 1317; x_wconf 91' lang='lat' dir='ltr'>et</span> <span class='ocrx_word' id='word_1_124' title='bbox 307 1266 345 1317; x_wconf 90' lang='lat' dir='ltr'>ill.</span> <span class='ocrx_word' id='word_1_125' title='bbox 356 1264 485 1328; x_wconf 80' lang='lat' dir='ltr'>Rewizki,</span> <span class='ocrx_word' id='word_1_126' title='bbox 497 1265 542 1336; x_wconf 92' lang='lat' dir='ltr'>qui</span> <span class='ocrx_word' id='word_1_127' title='bbox 553 1263 601 1316; x_wconf 90' lang='lat' dir='ltr'>sub</span> <span class='ocrx_word' id='word_1_128' title='bbox 608 1264 752 1336; x_wconf 91' lang='lat' dir='ltr'>Deltophili</span> <span class='ocrx_word' id='word_1_129' title='bbox 759 1265 861 1318; x_wconf 87' lang='lat' dir='ltr'>nomine</span> <span class='ocrx_word' id='word_1_130' title='bbox 870 1269 983 1333; x_wconf 64' lang='grc' dir='ltr'>κειμήλια</span> <span class='ocrx_word' id='word_1_131' title='bbox 993 1285 1037 1325; x_wconf 82' lang='lat' dir='ltr'>sua</span> <span class='ocrx_word' id='word_1_132' title='bbox 1046 1267 1185 1331; x_wconf 75' lang='lat' dir='ltr'>recensuit,</span> 
     </span>
     <span class='ocr_line' id='line_1_13' title="bbox 145 1344 1186 1418; baseline 0.002 -21"><span class='ocrx_word' id='word_1_133' title='bbox 145 1347 192 1398; x_wconf 79' lang='lat' dir='ltr'>alio</span> <span class='ocrx_word' id='word_1_134' title='bbox 211 1359 366 1416; x_wconf 79' lang='lat' dir='ltr'>argumento</span> <span class='ocrx_word' id='word_1_135' title='bbox 376 1344 480 1398; x_wconf 83' lang='lat' dir='ltr'>student</span> <span class='ocrx_word' id='word_1_136' title='bbox 490 1346 606 1397; x_wconf 85' lang='lat' dir='ltr'>evincere</span> <span class='ocrx_word' id='word_1_137' title='bbox 615 1367 621 1413; x_wconf 68' lang='grc' dir='ltr'><strong><em>ς</em></strong></span> <span class='ocrx_word' id='word_1_138' title='bbox 637 1345 775 1398; x_wconf 84' lang='lat' dir='ltr'>observant</span> <span class='ocrx_word' id='word_1_139' title='bbox 785 1347 881 1418; x_wconf 90' lang='lat' dir='ltr'>quippe</span> <span class='ocrx_word' id='word_1_140' title='bbox 890 1386 897 1410; x_wconf 89' lang='lat'>,</span> <span class='ocrx_word' id='word_1_141' title='bbox 906 1348 932 1397; x_wconf 93' lang='lat' dir='ltr'>iu</span> <span class='ocrx_word' id='word_1_142' title='bbox 943 1348 993 1399; x_wconf 91' lang='lat' dir='ltr'>isto</span> <span class='ocrx_word' id='word_1_143' title='bbox 1006 1347 1098 1399; x_wconf 90' lang='lat' dir='ltr'>Tacito</span> <span class='ocrx_word' id='word_1_144' title='bbox 1108 1348 1186 1399; x_wconf 83' lang='lat' dir='ltr'>folio·</span> 
     </span>
     <span class='ocr_line' id='line_1_14' title="bbox 144 1425 1188 1500; baseline 0.004 -22"><span class='ocrx_word' id='word_1_145' title='bbox 144 1447 198 1478; x_wconf 88' lang='lat' dir='ltr'>rum</span> <span class='ocrx_word' id='word_1_146' title='bbox 208 1428 370 1500; x_wconf 74' lang='lat' dir='ltr'>siugulorum</span> <span class='ocrx_word' id='word_1_147' title='bbox 380 1425 472 1478; x_wconf 82' lang='lat' dir='ltr'>inlimae</span> <span class='ocrx_word' id='word_1_148' title='bbox 484 1444 534 1476; x_wconf 80' lang='lat' dir='ltr'>orae</span> <span class='ocrx_word' id='word_1_149' title='bbox 545 1425 690 1495; x_wconf 70' lang='lat' dir='ltr'>adposItum</span> <span class='ocrx_word' id='word_1_150' title='bbox 699 1444 751 1478; x_wconf 84' lang='lat' dir='ltr'>esse</span> <span class='ocrx_word' id='word_1_151' title='bbox 761 1427 907 1490; x_wconf 82' lang='lat' dir='ltr'>custodem,</span> <span class='ocrx_word' id='word_1_152' title='bbox 917 1447 994 1499; x_wconf 85' lang='lat' dir='ltr'>quem</span> <span class='ocrx_word' id='word_1_153' title='bbox 1003 1430 1029 1480; x_wconf 88' lang='lat' dir='ltr'>iu</span> <span class='ocrx_word' id='word_1_154' title='bbox 1040 1427 1161 1499; x_wconf 88' lang='lat' dir='ltr'>operibus</span> <span class='ocrx_word' id='word_1_155' title='bbox 1170 1446 1188 1482; x_wconf 82' lang='lat' dir='ltr'>a</span> 
     </span>
     <span class='ocr_line' id='line_1_15' title="bbox 144 1508 1185 1578; baseline 0.003 -17"><span class='ocrx_word' id='word_1_156' title='bbox 144 1509 286 1562; x_wconf 91' lang='lat' dir='ltr'>Vendeliuo</span> <span class='ocrx_word' id='word_1_157' title='bbox 294 1510 425 1578; x_wconf 84' lang='lat' dir='ltr'>impressis</span> <span class='ocrx_word' id='word_1_158' title='bbox 434 1525 565 1578; x_wconf 76' lang='lat' dir='ltr'>nunqnam</span> <span class='ocrx_word' id='word_1_159' title='bbox 575 1508 765 1578; x_wconf 83' lang='lat' dir='ltr'>deprehendere</span> <span class='ocrx_word' id='word_1_160' title='bbox 780 1511 864 1563; x_wconf 86' lang='lat' dir='ltr'>liccat.</span> <span class='ocrx_word' id='word_1_161' title='bbox 875 1510 978 1563; x_wconf 76' lang='lat' dir='ltr'>Valeret</span> <span class='ocrx_word' id='word_1_162' title='bbox 988 1510 1052 1573; x_wconf 91' lang='lat' dir='ltr'>hoc,</span> <span class='ocrx_word' id='word_1_163' title='bbox 1068 1512 1116 1563; x_wconf 86' lang='lat' dir='ltr'>nisi</span> <span class='ocrx_word' id='word_1_164' title='bbox 1126 1529 1185 1564; x_wconf 89' lang='lat' dir='ltr'>eum</span> 
     </span>
     <span class='ocr_line' id='line_1_16' title="bbox 143 1589 1184 1663; baseline 0.006 -23"><span class='ocrx_word' id='word_1_165' title='bbox 143 1592 264 1643; x_wconf 83' lang='lat' dir='ltr'>foliorum</span> <span class='ocrx_word' id='word_1_166' title='bbox 281 1589 414 1642; x_wconf 83' lang='lat' dir='ltr'>custodem</span> <span class='ocrx_word' id='word_1_167' title='bbox 430 1590 456 1641; x_wconf 89' lang='lat' dir='ltr'>in</span> <span class='ocrx_word' id='word_1_168' title='bbox 470 1589 595 1641; x_wconf 90' lang='lat' dir='ltr'>Cicerone</span> <span class='ocrx_word' id='word_1_169' title='bbox 604 1603 631 1640; x_wconf 87' lang='lat' dir='ltr'>et</span> <span class='ocrx_word' id='word_1_170' title='bbox 640 1589 855 1644; x_wconf 70' lang='lat' dir='ltr'>Plinio-Iohannis</span> <span class='ocrx_word' id='word_1_171' title='bbox 864 1589 993 1662; x_wconf 87' lang='lat' dir='ltr'>Spirensis</span> <span class='ocrx_word' id='word_1_172' title='bbox 1002 1610 1073 1663; x_wconf 85' lang='lat' dir='ltr'>aeque</span> <span class='ocrx_word' id='word_1_173' title='bbox 1081 1592 1184 1646; x_wconf 86' lang='lat' dir='ltr'>deside·</span> 
     </span>
     <span class='ocr_line' id='line_1_17' title="bbox 143 1670 1184 1743; baseline 0.005 -21"><span class='ocrx_word' id='word_1_174' title='bbox 143 1673 191 1722; x_wconf 82' lang='lat' dir='ltr'>rari</span> <span class='ocrx_word' id='word_1_175' title='bbox 201 1671 332 1723; x_wconf 86' lang='lat' dir='ltr'>Maittarii</span> <span class='ocrx_word' id='word_1_176' title='bbox 346 1684 372 1722; x_wconf 91' lang='lat' dir='ltr'>et</span> <span class='ocrx_word' id='word_1_177' title='bbox 386 1670 491 1722; x_wconf 83' lang='lat' dir='ltr'>Pauzeri</span> <span class='ocrx_word' id='word_1_178' title='bbox 502 1670 650 1722; x_wconf 89' lang='lat' dir='ltr'>testimonio</span> <span class='ocrx_word' id='word_1_179' title='bbox 665 1683 800 1722; x_wconf 86' lang='lat' dir='ltr'>constaret.</span> <span class='ocrx_word' id='word_1_180' title='bbox 816 1671 854 1724; x_wconf 89' lang='lat' dir='ltr'>Ut</span> <span class='ocrx_word' id='word_1_181' title='bbox 868 1690 929 1743; x_wconf 85' lang='lat' dir='ltr'>ergo</span> <span class='ocrx_word' id='word_1_182' title='bbox 940 1673 1032 1724; x_wconf 88' lang='lat' dir='ltr'>mirum</span> <span class='ocrx_word' id='word_1_183' title='bbox 1044 1672 1125 1726; x_wconf 89' lang='lat' dir='ltr'>videri</span> <span class='ocrx_word' id='word_1_184' title='bbox 1135 1672 1184 1727; x_wconf 89' lang='lat' dir='ltr'>de·</span> 
     </span>
     <span class='ocr_line' id='line_1_18' title="bbox 144 1745 1189 1825; baseline 0.001 -19"><span class='ocrx_word' id='word_1_185' title='bbox 144 1745 201 1814; x_wconf 76' lang='lat' dir='ltr'>ist,</span> <span class='ocrx_word' id='word_1_186' title='bbox 211 1750 349 1806; x_wconf 82' lang='lat' dir='ltr'>custodem</span> <span class='ocrx_word' id='word_1_187' title='bbox 358 1752 385 1804; x_wconf 91' lang='lat' dir='ltr'>in</span> <span class='ocrx_word' id='word_1_188' title='bbox 395 1752 487 1804; x_wconf 90' lang='lat' dir='ltr'>Tacito</span> <span class='ocrx_word' id='word_1_189' title='bbox 496 1770 644 1823; x_wconf 88' lang='lat' dir='ltr'>comparere</span> <span class='ocrx_word' id='word_1_190' title='bbox 653 1774 659 1819; x_wconf 88' lang='lat'><strong>;</strong></span> <span class='ocrx_word' id='word_1_191' title='bbox 677 1752 713 1804; x_wconf 91' lang='lat' dir='ltr'>sio</span> <span class='ocrx_word' id='word_1_192' title='bbox 724 1771 775 1803; x_wconf 89' lang='lat' dir='ltr'>non</span> <span class='ocrx_word' id='word_1_193' title='bbox 785 1755 867 1804; x_wconf 87' lang='lat' dir='ltr'>miuus</span> <span class='ocrx_word' id='word_1_194' title='bbox 877 1767 902 1804; x_wconf 88' lang='lat' dir='ltr'>et</span> <span class='ocrx_word' id='word_1_195' title='bbox 912 1754 991 1816; x_wconf 87' lang='lat' dir='ltr'>illud,</span> <span class='ocrx_word' id='word_1_196' title='bbox 1003 1754 1088 1824; x_wconf 87' lang='lat' dir='ltr'>quod,</span> <span class='ocrx_word' id='word_1_197' title='bbox 1104 1773 1189 1825; x_wconf 80' lang='lat' dir='ltr'>quum</span> 
     </span>
     <span class='ocr_line' id='line_1_19' title="bbox 144 1833 1189 1905; baseline 0.003 -19"><span class='ocrx_word' id='word_1_198' title='bbox 144 1837 199 1887; x_wconf 87' lang='lat' dir='ltr'>anni</span> <span class='ocrx_word' id='word_1_199' title='bbox 216 1848 305 1887; x_wconf 78' lang='lat' dir='ltr'>notam</span> <span class='ocrx_word' id='word_1_200' title='bbox 320 1835 347 1885; x_wconf 88' lang='lat' dir='ltr'>in</span> <span class='ocrx_word' id='word_1_201' title='bbox 364 1835 471 1905; x_wconf 86' lang='lat' dir='ltr'>reliquis</span> <span class='ocrx_word' id='word_1_202' title='bbox 480 1836 632 1904; x_wconf 83' lang='lat' dir='ltr'>expresserit</span> <span class='ocrx_word' id='word_1_203' title='bbox 643 1833 784 1896; x_wconf 75' lang='lat' dir='ltr'>iohannes,</span> <span class='ocrx_word' id='word_1_204' title='bbox 795 1836 821 1886; x_wconf 91' lang='lat' dir='ltr'>in</span> <span class='ocrx_word' id='word_1_205' title='bbox 831 1834 922 1887; x_wconf 73' lang='lat' dir='ltr'>Tacito</span> <span class='ocrx_word' id='word_1_206' title='bbox 931 1835 959 1886; x_wconf 92' lang='lat' dir='ltr'>id</span> <span class='ocrx_word' id='word_1_207' title='bbox 968 1837 1117 1904; x_wconf 81' lang='lat' dir='ltr'>neglexerit.</span> <span class='ocrx_word' id='word_1_208' title='bbox 1131 1833 1189 1889; x_wconf 85' lang='lat' dir='ltr'>Sed</span> 
     </span>
     <span class='ocr_line' id='line_1_20' title="bbox 143 1914 1183 1987; baseline 0.001 -19"><span class='ocrx_word' id='word_1_209' title='bbox 143 1916 209 1968; x_wconf 80' lang='lat' dir='ltr'>&#39;ulem</span> <span class='ocrx_word' id='word_1_210' title='bbox 223 1915 365 1968; x_wconf 87' lang='lat' dir='ltr'>dicendum</span> <span class='ocrx_word' id='word_1_211' title='bbox 380 1929 418 1968; x_wconf 85' lang='lat' dir='ltr'>est</span> <span class='ocrx_word' id='word_1_212' title='bbox 433 1914 466 1968; x_wconf 90' lang='lat' dir='ltr'>de</span> <span class='ocrx_word' id='word_1_213' title='bbox 477 1916 635 1980; x_wconf 85' lang='lat' dir='ltr'>Vendelino‚</span> <span class='ocrx_word' id='word_1_214' title='bbox 653 1918 699 1987; x_wconf 92' lang='lat' dir='ltr'>qni</span> <span class='ocrx_word' id='word_1_215' title='bbox 715 1918 741 1967; x_wconf 91' lang='lat' dir='ltr'>in</span> <span class='ocrx_word' id='word_1_216' title='bbox 751 1933 841 1985; x_wconf 83' lang='lat' dir='ltr'>magna</span> <span class='ocrx_word' id='word_1_217' title='bbox 852 1935 958 1986; x_wconf 89' lang='lat' dir='ltr'>opernm</span> <span class='ocrx_word' id='word_1_218' title='bbox 968 1918 1055 1985; x_wconf 85' lang='lat' dir='ltr'>copis,</span> <span class='ocrx_word' id='word_1_219' title='bbox 1066 1918 1128 1968; x_wconf 90' lang='lat' dir='ltr'>licet</span> <span class='ocrx_word' id='word_1_220' title='bbox 1139 1937 1183 1969; x_wconf 85' lang='lat' dir='ltr'>ra-</span> 
     </span>
     <span class='ocr_line' id='line_1_21' title="bbox 143 1995 1183 2070; baseline 0 -21"><span class='ocrx_word' id='word_1_221' title='bbox 143 1999 210 2062; x_wconf 86' lang='lat' dir='ltr'>rius,</span> <span class='ocrx_word' id='word_1_222' title='bbox 221 1997 362 2070; x_wconf 87' lang='lat' dir='ltr'>aliquando</span> <span class='ocrx_word' id='word_1_223' title='bbox 372 2011 456 2050; x_wconf 89' lang='lat' dir='ltr'>tamen</span> <span class='ocrx_word' id='word_1_224' title='bbox 466 2016 574 2061; x_wconf 88' lang='lat' dir='ltr'>annum,</span> <span class='ocrx_word' id='word_1_225' title='bbox 586 1999 647 2050; x_wconf 92' lang='lat' dir='ltr'>item</span> <span class='ocrx_word' id='word_1_226' title='bbox 662 1999 713 2050; x_wconf 92' lang='lat' dir='ltr'>loci</span> <span class='ocrx_word' id='word_1_227' title='bbox 723 1997 866 2058; x_wconf 87' lang='lat' dir='ltr'>interdum,</span> <span class='ocrx_word' id='word_1_228' title='bbox 882 2000 920 2048; x_wconf 89' lang='lat' dir='ltr'>sui</span> <span class='ocrx_word' id='word_1_229' title='bbox 930 1995 1039 2067; x_wconf 88' lang='lat' dir='ltr'>denique</span> <span class='ocrx_word' id='word_1_230' title='bbox 1048 1999 1127 2066; x_wconf 88' lang='lat' dir='ltr'>ipsius</span> <span class='ocrx_word' id='word_1_231' title='bbox 1135 2015 1183 2049; x_wconf 89' lang='lat' dir='ltr'>no-</span> 
     </span>
     <span class='ocr_line' id='line_1_22' title="bbox 144 2077 1184 2152; baseline -0.001 -22"><span class='ocrx_word' id='word_1_232' title='bbox 144 2081 217 2131; x_wconf 83' lang='lat' dir='ltr'>minis</span> <span class='ocrx_word' id='word_1_233' title='bbox 227 2081 384 2131; x_wconf 87' lang='lat' dir='ltr'>mentionem</span> <span class='ocrx_word' id='word_1_234' title='bbox 396 2081 489 2132; x_wconf 89' lang='lat' dir='ltr'>omisit.</span> <span class='ocrx_word' id='word_1_235' title='bbox 500 2079 601 2152; x_wconf 84' lang='lat' dir='ltr'>Quodsi</span> <span class='ocrx_word' id='word_1_236' title='bbox 611 2078 743 2150; x_wconf 78' lang='lat' dir='ltr'>indulgere</span> <span class='ocrx_word' id='word_1_237' title='bbox 760 2079 912 2150; x_wconf 77' lang='lat' dir='ltr'>conjecturas</span> <span class='ocrx_word' id='word_1_238' title='bbox 929 2078 1020 2142; x_wconf 88' lang='lat' dir='ltr'>liceat,</span> <span class='ocrx_word' id='word_1_239' title='bbox 1040 2077 1184 2130; x_wconf 89' lang='lat' dir='ltr'>Johannem</span> 
     </span>
     <span class='ocr_line' id='line_1_23' title="bbox 143 2158 1183 2232; baseline -0.001 -21"><span class='ocrx_word' id='word_1_240' title='bbox 143 2159 251 2212; x_wconf 80' lang='lat' dir='ltr'>dixerim</span> <span class='ocrx_word' id='word_1_241' title='bbox 260 2163 373 2232; x_wconf 83' lang='lat' dir='ltr'>primunr</span> <span class='ocrx_word' id='word_1_242' title='bbox 383 2162 445 2212; x_wconf 83' lang='lat' dir='ltr'>artis</span> <span class='ocrx_word' id='word_1_243' title='bbox 455 2163 581 2231; x_wconf 87' lang='lat' dir='ltr'>specimen</span> <span class='ocrx_word' id='word_1_244' title='bbox 590 2159 689 2214; x_wconf 86' lang='lat' dir='ltr'>dedisse</span> <span class='ocrx_word' id='word_1_245' title='bbox 699 2159 832 2222; x_wconf 84' lang='lat' dir='ltr'>Tacitum,</span> <span class='ocrx_word' id='word_1_246' title='bbox 842 2159 869 2210; x_wconf 90' lang='lat' dir='ltr'>in</span> <span class='ocrx_word' id='word_1_247' title='bbox 880 2175 933 2230; x_wconf 88' lang='lat' dir='ltr'>quo</span> <span class='ocrx_word' id='word_1_248' title='bbox 941 2158 1073 2211; x_wconf 87' lang='lat' dir='ltr'>custodem</span> <span class='ocrx_word' id='word_1_249' title='bbox 1084 2158 1183 2230; x_wconf 74' lang='lat' dir='ltr'>adjece-</span> 
     </span>
     <span class='ocr_line' id='line_1_24' title="bbox 143 2239 1181 2315; baseline 0.001 -24"><span class='ocrx_word' id='word_1_250' title='bbox 143 2242 176 2292; x_wconf 89' lang='lat' dir='ltr'>rit</span> <span class='ocrx_word' id='word_1_251' title='bbox 185 2260 229 2303; x_wconf 87' lang='lat' dir='ltr'>eo,</span> <span class='ocrx_word' id='word_1_252' title='bbox 241 2241 313 2312; x_wconf 87' lang='lat' dir='ltr'>quod</span> <span class='ocrx_word' id='word_1_253' title='bbox 324 2242 351 2293; x_wconf 91' lang='lat' dir='ltr'>in</span> <span class='ocrx_word' id='word_1_254' title='bbox 361 2240 450 2294; x_wconf 85' lang='lat' dir='ltr'>codice</span> <span class='ocrx_word' id='word_1_255' title='bbox 460 2241 571 2312; x_wconf 85' lang='lat' dir='ltr'>scripto,</span> <span class='ocrx_word' id='word_1_256' title='bbox 583 2258 659 2312; x_wconf 89' lang='lat' dir='ltr'>quem</span> <span class='ocrx_word' id='word_1_257' title='bbox 669 2240 831 2315; x_wconf 76' lang='lat' dir='ltr'>sequebatur,</span> <span class='ocrx_word' id='word_1_258' title='bbox 841 2241 938 2291; x_wconf 76' lang='lat' dir='ltr'>inesset</span> <span class='ocrx_word' id='word_1_259' title='bbox 947 2239 1076 2310; x_wconf 74' lang='lat' dir='ltr'>adpictus,</span> <span class='ocrx_word' id='word_1_260' title='bbox 1088 2258 1181 2310; x_wconf 49' lang='lat' dir='ltr'>quens</span> 
     </span>
     <span class='ocr_line' id='line_1_25' title="bbox 144 2319 1182 2393; baseline 0 -21"><span class='ocrx_word' id='word_1_261' title='bbox 144 2338 191 2390; x_wconf 90' lang='lat' dir='ltr'>qne</span> <span class='ocrx_word' id='word_1_262' title='bbox 208 2319 332 2391; x_wconf 87' lang='lat' dir='ltr'>deinceps</span> <span class='ocrx_word' id='word_1_263' title='bbox 353 2335 476 2393; x_wconf 81' lang='lat' dir='ltr'>tauquam</span> <span class='ocrx_word' id='word_1_264' title='bbox 496 2322 613 2374; x_wconf 90' lang='lat' dir='ltr'>inutilem</span> <span class='ocrx_word' id='word_1_265' title='bbox 633 2321 839 2391; x_wconf 85' lang='lat' dir='ltr'>superfluumque</span> <span class='ocrx_word' id='word_1_266' title='bbox 855 2321 1004 2390; x_wconf 77' lang='lat' dir='ltr'>neglexerit.</span> <span class='ocrx_word' id='word_1_267' title='bbox 1023 2319 1182 2373; x_wconf 86' lang='lat' dir='ltr'>Crediderim</span> 
     </span>
     <span class='ocr_line' id='line_1_26' title="bbox 144 2402 1180 2474; baseline 0.001 -23"><span class='ocrx_word' id='word_1_268' title='bbox 144 2420 233 2469; x_wconf 83' lang='lat' dir='ltr'>porro,</span> <span class='ocrx_word' id='word_1_269' title='bbox 245 2402 332 2454; x_wconf 86' lang='lat' dir='ltr'>Taciti</span> <span class='ocrx_word' id='word_1_270' title='bbox 342 2422 407 2474; x_wconf 87' lang='lat' dir='ltr'>opus</span> <span class='ocrx_word' id='word_1_271' title='bbox 417 2405 493 2456; x_wconf 90' lang='lat' dir='ltr'>tacite</span> <span class='ocrx_word' id='word_1_272' title='bbox 504 2421 556 2454; x_wconf 91' lang='lat' dir='ltr'>esse</span> <span class='ocrx_word' id='word_1_273' title='bbox 567 2403 607 2453; x_wconf 87' lang='lat' dir='ltr'>aJ</span> <span class='ocrx_word' id='word_1_274' title='bbox 610 2402 708 2455; x_wconf 83' lang='lat' dir='ltr'>ohanne</span> <span class='ocrx_word' id='word_1_275' title='bbox 717 2419 854 2464; x_wconf 84' lang='lat' dir='ltr'>excusum,</span> <span class='ocrx_word' id='word_1_276' title='bbox 870 2420 917 2452; x_wconf 91' lang='lat' dir='ltr'>nec</span> <span class='ocrx_word' id='word_1_277' title='bbox 934 2404 1031 2454; x_wconf 88' lang='lat' dir='ltr'>senatui</span> <span class='ocrx_word' id='word_1_278' title='bbox 1048 2402 1180 2466; x_wconf 88' lang='lat' dir='ltr'>oblatum,</span> 
     </span>
     <span class='ocr_line' id='line_1_27' title="bbox 144 2481 1180 2554; baseline 0.001 -21"><span class='ocrx_word' id='word_1_279' title='bbox 144 2481 250 2554; x_wconf 88' lang='lat' dir='ltr'>indeque</span> <span class='ocrx_word' id='word_1_280' title='bbox 262 2484 375 2548; x_wconf 87' lang='lat' dir='ltr'>sactum,</span> <span class='ocrx_word' id='word_1_281' title='bbox 389 2485 454 2536; x_wconf 90' lang='lat' dir='ltr'>utin</span> <span class='ocrx_word' id='word_1_282' title='bbox 464 2485 601 2554; x_wconf 76' lang='lat' dir='ltr'>privilegio</span> <span class='ocrx_word' id='word_1_283' title='bbox 611 2483 715 2538; x_wconf 78' lang='lat' dir='ltr'>laudsto</span> <span class='ocrx_word' id='word_1_284' title='bbox 723 2502 776 2535; x_wconf 92' lang='lat' dir='ltr'>non</span> <span class='ocrx_word' id='word_1_285' title='bbox 786 2495 948 2544; x_wconf 87' lang='lat' dir='ltr'>memoretur,</span> <span class='ocrx_word' id='word_1_286' title='bbox 959 2495 1040 2554; x_wconf 88' lang='lat' dir='ltr'>utque</span> <span class='ocrx_word' id='word_1_287' title='bbox 1050 2482 1180 2534; x_wconf 88' lang='lat' dir='ltr'>Ciceronis</span> 
     </span>
     <span class='ocr_line' id='line_1_28' title="bbox 144 2563 1188 2635; baseline 0 -21"><span class='ocrx_word' id='word_1_288' title='bbox 144 2566 254 2633; x_wconf 82' lang='lat' dir='ltr'>epistolae</span> <span class='ocrx_word' id='word_1_289' title='bbox 264 2583 288 2616; x_wconf 85' lang='lat' dir='ltr'>a.</span> <span class='ocrx_word' id='word_1_290' title='bbox 301 2566 364 2635; x_wconf 72' lang='lat'><strong>1469</strong></span> <span class='ocrx_word' id='word_1_291' title='bbox 379 2566 505 2634; x_wconf 76' lang='lat' dir='ltr'>impresse</span> <span class='ocrx_word' id='word_1_292' title='bbox 515 2566 542 2618; x_wconf 92' lang='lat' dir='ltr'>in</span> <span class='ocrx_word' id='word_1_293' title='bbox 551 2563 692 2635; x_wconf 82' lang='lat' dir='ltr'>epigraphe</span> <span class='ocrx_word' id='word_1_294' title='bbox 708 2563 765 2619; x_wconf 66' lang='lat' dir='ltr'>,Gi</span> <span class='ocrx_word' id='word_1_295' title='bbox 775 2563 872 2615; x_wconf 88' lang='lat' dir='ltr'>Panzer</span> <span class='ocrx_word' id='word_1_296' title='bbox 881 2582 908 2632; x_wconf 89' lang='lat' dir='ltr'>p.</span> <span class='ocrx_word' id='word_1_297' title='bbox 918 2565 950 2615; x_wconf 88' lang='grc'>63</span> <span class='ocrx_word' id='word_1_298' title='bbox 963 2574 979 2624; x_wconf 69' lang='lat'>²,</span> <span class='ocrx_word' id='word_1_299' title='bbox 996 2563 1093 2629; x_wconf 80' lang='lat' dir='ltr'>primus</span> <span class='ocrx_word' id='word_1_300' title='bbox 1109 2564 1188 2614; x_wconf 66' lang='lat' dir='ltr'>labor*</span> 
     </span>
     <span class='ocr_line' id='line_1_29' title="bbox 144 2643 1185 2716; baseline 0.001 -21"><span class='ocrx_word' id='word_1_301' title='bbox 144 2647 267 2698; x_wconf 74' lang='lat' dir='ltr'>Iohannis</span> <span class='ocrx_word' id='word_1_302' title='bbox 275 2646 403 2709; x_wconf 88' lang='lat' dir='ltr'>dicantur,</span> <span class='ocrx_word' id='word_1_303' title='bbox 414 2647 512 2698; x_wconf 88' lang='lat' dir='ltr'>scilicet</span> <span class='ocrx_word' id='word_1_304' title='bbox 522 2664 600 2716; x_wconf 88' lang='lat' dir='ltr'>quem</span> <span class='ocrx_word' id='word_1_305' title='bbox 609 2645 692 2714; x_wconf 82' lang='lat' dir='ltr'>palam</span> <span class='ocrx_word' id='word_1_306' title='bbox 703 2645 857 2715; x_wconf 79' lang='lat' dir='ltr'>vulgaverit.</span> <span class='ocrx_word' id='word_1_307' title='bbox 874 2643 935 2696; x_wconf 88' lang='lat' dir='ltr'>Idsi</span> <span class='ocrx_word' id='word_1_308' title='bbox 945 2644 993 2706; x_wconf 90' lang='lat' dir='ltr'>sit,</span> <span class='ocrx_word' id='word_1_309' title='bbox 1004 2643 1110 2695; x_wconf 80' lang='lat' dir='ltr'>Tacitus</span> <span class='ocrx_word' id='word_1_310' title='bbox 1120 2662 1185 2696; x_wconf 82' lang='lat' dir='ltr'>cum</span> 
     </span>
     <span class='ocr_line' id='line_1_30' title="bbox 145 2723 1132 2797; baseline 0 -21"><span class='ocrx_word' id='word_1_311' title='bbox 145 2727 294 2797; x_wconf 82' lang='lat' dir='ltr'>Deltophilo</span> <span class='ocrx_word' id='word_1_312' title='bbox 303 2727 337 2778; x_wconf 88' lang='lat' dir='ltr'>ad</span> <span class='ocrx_word' id='word_1_313' title='bbox 346 2746 368 2779; x_wconf 85' lang='lat' dir='ltr'>a.</span> <span class='ocrx_word' id='word_1_314' title='bbox 381 2730 443 2795; x_wconf 75' lang='lat'>1468</span> <span class='ocrx_word' id='word_1_315' title='bbox 452 2740 521 2780; x_wconf 86' lang='lat' dir='ltr'>reete</span> <span class='ocrx_word' id='word_1_316' title='bbox 531 2727 619 2780; x_wconf 81' lang='lat' dir='ltr'>referri</span> <span class='ocrx_word' id='word_1_317' title='bbox 629 2724 769 2790; x_wconf 81' lang='lat' dir='ltr'>videbitur,</span> <span class='ocrx_word' id='word_1_318' title='bbox 780 2723 852 2796; x_wconf 90' lang='lat' dir='ltr'>quod</span> <span class='ocrx_word' id='word_1_319' title='bbox 862 2738 888 2776; x_wconf 93' lang='lat' dir='ltr'>et</span> <span class='ocrx_word' id='word_1_320' title='bbox 898 2724 995 2795; x_wconf 87' lang='lat' dir='ltr'>placuit</span> <span class='ocrx_word' id='word_1_321' title='bbox 1004 2723 1132 2779; x_wconf 82' lang='lat' dir='ltr'>Deburio.</span> 
     </span>
    </p>
   </div>
   <div class='ocr_carea' id='block_1_4' title="bbox 101 2825 1278 4073">
    <p class='ocr_par' dir='ltr' id='par_1_4' title="bbox 101 2825 1185 3036">
     <span class='ocr_line' id='line_1_31' title="bbox 101 2825 1185 2927; baseline -0.002 -19"><span class='ocrx_word' id='word_1_322' title='bbox 101 2911 107 2918; x_wconf 71' lang='grc'>,</span> <span class='ocrx_word' id='word_1_323' title='bbox 184 2843 273 2908; x_wconf 90' lang='lat' dir='ltr'>Hanc</span> <span class='ocrx_word' id='word_1_324' title='bbox 295 2843 462 2908; x_wconf 83' lang='lat' dir='ltr'>editionem</span> <span class='ocrx_word' id='word_1_325' title='bbox 480 2838 637 2907; x_wconf 88' lang='lat' dir='ltr'>Gruterus</span> <span class='ocrx_word' id='word_1_326' title='bbox 654 2840 693 2904; x_wconf 89' lang='lat' dir='ltr'>ad</span> <span class='ocrx_word' id='word_1_327' title='bbox 715 2838 758 2903; x_wconf 91' lang='lat' dir='ltr'>H.</span> <span class='ocrx_word' id='word_1_328' title='bbox 775 2839 824 2922; x_wconf 88' lang='lat' dir='ltr'>lt,</span> <span class='ocrx_word' id='word_1_329' title='bbox 844 2825 1045 2927; x_wconf 67' lang='lat' dir='ltr'>7lp,duetam</span> <span class='ocrx_word' id='word_1_330' title='bbox 1059 2852 1149 2926; x_wconf 85' lang='lat' dir='ltr'>putat</span> <span class='ocrx_word' id='word_1_331' title='bbox 1163 2862 1185 2906; x_wconf 86' lang='lat' dir='ltr'>e·</span> 
     </span>
     <span class='ocr_line' id='line_1_32' title="bbox 145 2941 1179 3036; baseline -0.002 -26"><span class='ocrx_word' id='word_1_332' title='bbox 145 2947 248 3013; x_wconf 89' lang='lat' dir='ltr'>codice</span> <span class='ocrx_word' id='word_1_333' title='bbox 264 2944 416 3011; x_wconf 84' lang='lat' dir='ltr'>Vaticano</span> <span class='ocrx_word' id='word_1_334' title='bbox 436 2942 491 3010; x_wconf 91' lang='lat' dir='ltr'>illo</span> <span class='ocrx_word' id='word_1_335' title='bbox 512 2946 700 3036; x_wconf 83' lang='lat' dir='ltr'>antiquiori,</span> <span class='ocrx_word' id='word_1_336' title='bbox 720 2966 784 3033; x_wconf 92' lang='lat' dir='ltr'>quo</span> <span class='ocrx_word' id='word_1_337' title='bbox 801 2941 930 3031; x_wconf 90' lang='lat' dir='ltr'>Lipsius</span> <span class='ocrx_word' id='word_1_338' title='bbox 950 2948 1082 3009; x_wconf 82' lang='lat' dir='ltr'>maxime</span> <span class='ocrx_word' id='word_1_339' title='bbox 1103 2965 1179 3008; x_wconf 90' lang='lat' dir='ltr'>usus</span> 
     </span>
    </p>

    <p class='ocr_par' dir='ltr' id='par_1_5' title="bbox 101 3046 1278 4073">
     <span class='ocr_line' id='line_1_33' title="bbox 101 3046 1207 3136; baseline -0.007 -17"><span class='ocrx_word' id='word_1_340' title='bbox 101 3110 106 3119; x_wconf 91' lang='lat'>.</span> <span class='ocrx_word' id='word_1_341' title='bbox 145 3065 203 3133; x_wconf 85' lang='lat' dir='ltr'>est,</span> <span class='ocrx_word' id='word_1_342' title='bbox 219 3050 306 3115; x_wconf 87' lang='lat' dir='ltr'>unde</span> <span class='ocrx_word' id='word_1_343' title='bbox 324 3049 364 3114; x_wconf 84' lang='lat' dir='ltr'><em>V</em></span> <span class='ocrx_word' id='word_1_344' title='bbox 360 3051 483 3124; x_wconf 72' lang='lat' dir='ltr'>aticani</span> <span class='ocrx_word' id='word_1_345' title='bbox 481 3049 612 3136; x_wconf 74' lang='lat' dir='ltr'>filiani,</span> <span class='ocrx_word' id='word_1_346' title='bbox 633 3046 830 3114; x_wconf 78' lang='lat' dir='ltr'>Vaticanum</span> <span class='ocrx_word' id='word_1_347' title='bbox 845 3062 951 3128; x_wconf 86' lang='lat' dir='ltr'>vocat,</span> <span class='ocrx_word' id='word_1_348' title='bbox 965 3061 1002 3109; x_wconf 91' lang='lat' dir='ltr'>ut</span> <span class='ocrx_word' id='word_1_349' title='bbox 1017 3061 1087 3109; x_wconf 89' lang='lat' dir='ltr'>ante</span> <span class='ocrx_word' id='word_1_350' title='bbox 1101 3047 1183 3117; x_wconf 69' lang='lat' dir='ltr'>dixi,-</span> <span class='ocrx_word' id='word_1_351' title='bbox 1203 3051 1207 3065; x_wconf 90' lang='lat'>&#39;</span> 
     </span>
     <span class='ocr_line' id='line_1_34' title="bbox 144 3146 1177 3240; baseline -0.005 -21"><span class='ocrx_word' id='word_1_352' title='bbox 144 3152 202 3218; x_wconf 81' lang='lat' dir='ltr'>sed</span> <span class='ocrx_word' id='word_1_353' title='bbox 224 3175 293 3219; x_wconf 89' lang='lat' dir='ltr'>eam</span> <span class='ocrx_word' id='word_1_354' title='bbox 313 3175 395 3235; x_wconf 89' lang='lat' dir='ltr'>rem,</span> <span class='ocrx_word' id='word_1_355' title='bbox 420 3152 625 3240; x_wconf 88' lang='lat' dir='ltr'>comparando</span> <span class='ocrx_word' id='word_1_356' title='bbox 646 3149 791 3216; x_wconf 87' lang='lat' dir='ltr'>lectiones</span> <span class='ocrx_word' id='word_1_357' title='bbox 814 3153 882 3240; x_wconf 82' lang='lat' dir='ltr'>ejus</span> <span class='ocrx_word' id='word_1_358' title='bbox 902 3171 976 3213; x_wconf 89' lang='lat' dir='ltr'>cum</span> <span class='ocrx_word' id='word_1_359' title='bbox 993 3146 1177 3214; x_wconf 89' lang='lat' dir='ltr'>lectionibus</span> 
     </span>
     <span class='ocr_line' id='line_1_35' title="bbox 145 3253 1178 3344; baseline -0.004 -24"><span class='ocrx_word' id='word_1_360' title='bbox 145 3254 211 3323; x_wconf 81' lang='lat' dir='ltr'>MS.</span> <span class='ocrx_word' id='word_1_361' title='bbox 224 3258 366 3322; x_wconf 85' lang='lat' dir='ltr'>Vaticani</span> <span class='ocrx_word' id='word_1_362' title='bbox 376 3308 384 3340; x_wconf 87' lang='lat'>,</span> <span class='ocrx_word' id='word_1_363' title='bbox 395 3278 506 3344; x_wconf 90' lang='lat' dir='ltr'>parum</span> <span class='ocrx_word' id='word_1_364' title='bbox 516 3271 629 3321; x_wconf 87' lang='lat' dir='ltr'>certam</span> <span class='ocrx_word' id='word_1_365' title='bbox 639 3258 778 3339; x_wconf 87' lang='lat' dir='ltr'>cognovi.</span> <span class='ocrx_word' id='word_1_366' title='bbox 787 3253 866 3319; x_wconf 89' lang='lat' dir='ltr'>Sane</span> <span class='ocrx_word' id='word_1_367' title='bbox 874 3257 979 3337; x_wconf 82' lang='lat' dir='ltr'>negari</span> <span class='ocrx_word' id='word_1_368' title='bbox 989 3274 1051 3316; x_wconf 89' lang='lat' dir='ltr'>non</span> <span class='ocrx_word' id='word_1_369' title='bbox 1060 3267 1178 3340; x_wconf 89' lang='lat' dir='ltr'>potest,</span> 
     </span>
     <span class='ocr_line' id='line_1_36' title="bbox 143 3346 1179 3447; baseline -0.005 -22"><span class='ocrx_word' id='word_1_370' title='bbox 143 3366 171 3426; x_wconf 88' lang='lat' dir='ltr'>in</span> <span class='ocrx_word' id='word_1_371' title='bbox 183 3362 243 3428; x_wconf 86' lang='lat' dir='ltr'>hac</span> <span class='ocrx_word' id='word_1_372' title='bbox 259 3362 395 3427; x_wconf 88' lang='lat' dir='ltr'>editione</span> <span class='ocrx_word' id='word_1_373' title='bbox 410 3357 525 3425; x_wconf 90' lang='lat' dir='ltr'>multas</span> <span class='ocrx_word' id='word_1_374' title='bbox 539 3346 685 3424; x_wconf 81' lang='lat' dir='ltr'>lectiones</span> <span class='ocrx_word' id='word_1_375' title='bbox 698 3361 844 3447; x_wconf 88' lang='lat' dir='ltr'>reperiri,</span> <span class='ocrx_word' id='word_1_376' title='bbox 859 3378 930 3447; x_wconf 89' lang='lat' dir='ltr'>quae</span> <span class='ocrx_word' id='word_1_377' title='bbox 952 3359 1014 3420; x_wconf 88' lang='lat' dir='ltr'>sint</span> <span class='ocrx_word' id='word_1_378' title='bbox 1029 3355 1179 3421; x_wconf 86' lang='lat' dir='ltr'>Vaticano</span> 
     </span>
     <span class='ocr_line' id='line_1_37' title="bbox 142 3457 1178 3555; baseline -0.008 -24"><span class='ocrx_word' id='word_1_379' title='bbox 142 3457 1178 3555; x_wconf 79' lang='lat' dir='ltr'>propriae,velutA.Xl,183XII,11,123H.1,61;III,5,</span> 
     </span>
     <span class='ocr_line' id='line_1_38' title="bbox 143 3559 1176 3654; baseline -0.005 -22"><span class='ocrx_word' id='word_1_380' title='bbox 143 3573 208 3634; x_wconf 90' lang='lat' dir='ltr'>init.</span> <span class='ocrx_word' id='word_1_381' title='bbox 225 3572 269 3650; x_wconf 76' lang='lat'>63</span> <span class='ocrx_word' id='word_1_382' title='bbox 292 3568 349 3651; x_wconf 86' lang='lat' dir='ltr'>IV,</span> <span class='ocrx_word' id='word_1_383' title='bbox 375 3589 434 3650; x_wconf 89' lang='lat'>12,</span> <span class='ocrx_word' id='word_1_384' title='bbox 458 3582 489 3632; x_wconf 86' lang='lat' dir='ltr'>et</span> <span class='ocrx_word' id='word_1_385' title='bbox 512 3563 604 3654; x_wconf 86' lang='lat' dir='ltr'>plane</span> <span class='ocrx_word' id='word_1_386' title='bbox 626 3563 810 3649; x_wconf 85' lang='lat' dir='ltr'>singulares,</span> <span class='ocrx_word' id='word_1_387' title='bbox 833 3579 870 3628; x_wconf 91' lang='lat' dir='ltr'>ut</span> <span class='ocrx_word' id='word_1_388' title='bbox 891 3563 935 3630; x_wconf 79' lang='lat' dir='ltr'>H.</span> <span class='ocrx_word' id='word_1_389' title='bbox 955 3562 1011 3645; x_wconf 87' lang='lat' dir='ltr'>IV,</span> <span class='ocrx_word' id='word_1_390' title='bbox 1034 3559 1094 3645; x_wconf 74' lang='lat'>64,</span> <span class='ocrx_word' id='word_1_391' title='bbox 1115 3563 1176 3645; x_wconf 91' lang='grc'>66,</span> 
     </span>
     <span class='ocr_line' id='line_1_39' title="bbox 144 3667 1177 3760; baseline -0.008 -22"><span class='ocrx_word' id='word_1_392' title='bbox 144 3676 199 3757; x_wconf 82' lang='lat'>69,</span> <span class='ocrx_word' id='word_1_393' title='bbox 215 3689 292 3755; x_wconf 80' lang='lat' dir='ltr'>eto,</span> <span class='ocrx_word' id='word_1_394' title='bbox 310 3693 381 3760; x_wconf 84' lang='lat' dir='ltr'>quae</span> <span class='ocrx_word' id='word_1_395' title='bbox 396 3694 443 3735; x_wconf 85' lang='lat' dir='ltr'>res</span> <span class='ocrx_word' id='word_1_396' title='bbox 457 3671 581 3734; x_wconf 86' lang='lat' dir='ltr'>videtur</span> <span class='ocrx_word' id='word_1_397' title='bbox 596 3668 770 3735; x_wconf 84' lang='lat' dir='ltr'>Gruterum</span> <span class='ocrx_word' id='word_1_398' title='bbox 785 3673 817 3732; x_wconf 88' lang='lat' dir='ltr'>in</span> <span class='ocrx_word' id='word_1_399' title='bbox 832 3667 911 3733; x_wconf 88' lang='lat' dir='ltr'>hano</span> <span class='ocrx_word' id='word_1_400' title='bbox 925 3669 1105 3732; x_wconf 86' lang='lat' dir='ltr'>senteutiam</span> <span class='ocrx_word' id='word_1_401' title='bbox 1120 3670 1177 3730; x_wconf 83' lang='lat' dir='ltr'>iru-</span> 
     </span>
     <span class='ocr_line' id='line_1_40' title="bbox 145 3767 1278 3869; baseline -0.008 -28"><span class='ocrx_word' id='word_1_402' title='bbox 145 3775 267 3863; x_wconf 87' lang='lat' dir='ltr'>pulisse.</span> <span class='ocrx_word' id='word_1_403' title='bbox 294 3776 356 3842; x_wconf 87' lang='lat' dir='ltr'>Sed</span> <span class='ocrx_word' id='word_1_404' title='bbox 379 3791 484 3839; x_wconf 86' lang='lat' dir='ltr'>tamen</span> <span class='ocrx_word' id='word_1_405' title='bbox 507 3797 570 3838; x_wconf 86' lang='lat' dir='ltr'>nou</span> <span class='ocrx_word' id='word_1_406' title='bbox 595 3775 698 3836; x_wconf 89' lang='lat' dir='ltr'>minus</span> <span class='ocrx_word' id='word_1_407' title='bbox 719 3769 897 3836; x_wconf 85' lang='lat' dir='ltr'>notabiliter</span> <span class='ocrx_word' id='word_1_408' title='bbox 919 3767 1080 3860; x_wconf 82' lang='lat' dir='ltr'>permultis</span> <span class='ocrx_word' id='word_1_409' title='bbox 1101 3767 1176 3833; x_wconf 88' lang='lat' dir='ltr'>locis</span> <span class='ocrx_word' id='word_1_410' title='bbox 1272 3850 1278 3869; x_wconf 22' lang='lat' dir='ltr'>x</span> 
     </span>
     <span class='ocr_line' id='line_1_41' title="bbox 147 3873 1176 3960; baseline -0.009 -16"><span class='ocrx_word' id='word_1_411' title='bbox 147 3884 292 3946; x_wconf 86' lang='lat' dir='ltr'>consentit</span> <span class='ocrx_word' id='word_1_412' title='bbox 306 3901 380 3946; x_wconf 76' lang='lat' dir='ltr'>cuin</span> <span class='ocrx_word' id='word_1_413' title='bbox 393 3877 574 3944; x_wconf 83' lang='lat' dir='ltr'>Florentino</span> <span class='ocrx_word' id='word_1_414' title='bbox 589 3903 596 3939; x_wconf 74' lang='grc' dir='ltr'><strong>ε</strong></span> <span class='ocrx_word' id='word_1_415' title='bbox 612 3874 698 3942; x_wconf 85' lang='lat' dir='ltr'>velut</span> <span class='ocrx_word' id='word_1_416' title='bbox 711 3876 753 3941; x_wconf 90' lang='lat' dir='ltr'>A.</span> <span class='ocrx_word' id='word_1_417' title='bbox 778 3875 846 3960; x_wconf 88' lang='lat' dir='ltr'>XI,</span> <span class='ocrx_word' id='word_1_418' title='bbox 862 3874 901 3960; x_wconf 75' lang='grc'>4,</span> <span class='ocrx_word' id='word_1_419' title='bbox 923 3891 981 3941; x_wconf 90' lang='lat' dir='ltr'>etc.</span> <span class='ocrx_word' id='word_1_420' title='bbox 1006 3876 1027 3938; x_wconf 88' lang='grc'>6</span> <span class='ocrx_word' id='word_1_421' title='bbox 1044 3873 1124 3937; x_wconf 86' lang='lat' dir='ltr'>med.</span> <span class='ocrx_word' id='word_1_422' title='bbox 1144 3887 1176 3936; x_wconf 85' lang='lat' dir='ltr'>et</span> 
     </span>
     <span class='ocr_line' id='line_1_42' title="bbox 150 3977 1221 4073; baseline -0.003 -24"><span class='ocrx_word' id='word_1_423' title='bbox 150 4001 352 4070; x_wconf 78' lang='lat' dir='ltr'>ertr.9,11,</span> <span class='ocrx_word' id='word_1_424' title='bbox 372 4009 424 4073; x_wconf 80' lang='lat'>17,</span> <span class='ocrx_word' id='word_1_425' title='bbox 446 3985 579 4066; x_wconf 79' lang='lat'>18,22,</span> <span class='ocrx_word' id='word_1_426' title='bbox 599 3977 1184 4068; x_wconf 14' lang='lat' dir='ltr'>25,etc.‚qte.⁴p0rr01t.lll,uite</span> <span class='ocrx_word' id='word_1_427' title='bbox 1216 4023 1221 4031; x_wconf 88' lang='lat'><em>-</em></span> 
     </span>
    </p>
   </div>
   <div class='ocr_carea' id='block_1_5' title="bbox 0 0 1350 4824">
    <p class='ocr_par' dir='ltr' id='par_1_6' title="bbox 0 0 1350 4824">
     <span class='ocr_line' id='line_1_43' title="bbox 0 0 1350 4824; baseline 0 2"><span class='ocrx_word' id='word_1_428' title='bbox 0 0 1350 4824; x_wconf 95' lang='lat' dir='ltr'> </span> 
     </span>
    </p>
   </div>
  </div>
 </body>
</html>
