2692 4824
426 341 720 411 PRAEFATIO.
1004 372 1087 417 xxxv

22 534 27 545 ¹
65 463 107 554 47.
126 461 292 529 Interdum
307 476 411 527 tamen
431 462 471 528 ab
491 487 527 529 ee
547 464 697 550 discedit,
721 464 775 531 sed
801 466 880 532 vitio
903 490 1085 556 operarum,

63 584 92 635 ut
112 565 201 651 XII,
225 589 289 649 123
308 565 413 652 XIII,
443 591 494 657 17,
518 585 594 654 etc,
617 593 689 662 quar
714 570 748 635 in
771 571 852 635 notis
872 552 1086 643 indicavimus.

60 672 152 758 lgitnr'
174 671 267 737 facilc
290 670 405 738 Aldina
422 688 542 755 careat,
561 674 618 765 qui
638 672 783 738 Rhenani
800 674 967 741 editionem
984 677 1087 747 habet.

88 776 216 843 Eodem
227 776 308 841 ratio
321 792 367 843 est
381 775 585 863 Gryphianoe
592 827 604 857 ,
620 799 692 867 quar
703 776 854 869 Lugduni
877 776 957 860 1543
970 786 1089 850 octonis

55 881 188 971 prodiit,
202 881 265 947 nisi
285 881 372 972 quod
390 879 483 970 plura
499 904 662 971 operarum
676 899 801 970 peccata
813 883 948 948 admisit.
962 884 1090 953 Additae

54 1000 243 1053 teneurunt
257 1000 340 1050 noter
356 985 490 1069 Ferreti,
510 1001 712 1075 servatusque
730 985 908 1052 Thesaurus
927 988 1089 1077 Rhenani,
1139 988 1142 993 ’

51 1111 146 1182 quem
158 1089 242 1155 dixi
259 1088 372 1178 Hujus
388 1089 534 1154 editionis
554 1087 729 1178 exemplum
747 1088 864 1173 lrabeo,
885 1093 969 1180 quod
990 1109 1092 1159 totum

52 1216 148 1261 manu
168 1192 310 1278 elegante
330 1193 374 1257 ita
393 1210 566 1260 correctum
585 1209 648 1278 est,
664 1194 713 1257 1111
731 1191 827 1282 praelo
842 1212 985 1283 paratum
996 1197 1092 1263 fuisse

54 1298 211 1362 videatur.
232 1295 336 1386 Cujus
357 1320 392 1361 ea
409 1320 519 1362 manus
538 1312 633 1380 esset,
649 1298 809 1388 exquirere
822 1321 883 1362 non
899 1300 999 1387 potui.
1014 1301 1093 1391 Lip-

54 1401 138 1467 111111
149 1401 282 1493 quidem
296 1400 432 1466 editione
444 1402 595 1490 posterior
609 1402 757 1468 eorrectio
775 1420 830 1469 est.
853 1403 932 1468 Nam
948 1409 1092 1472 emende-

56 1505 156 1575 tiones
168 1504 234 1570 lere
249 1520 350 1571 eunte
364 1505 445 1570 notis
463 1504 582 1593 Lipsii,
601 1505 739 1590 Mureti,
753 1505 955 1598 aliorumque.
974 1509 1011 1573 In
1025 1513 1092 1599 pri-

57 1610 178 1699 rnisque
192 1608 225 1674 id
237 1606 311 1674 lieet
322 1608 426 1673 videre
439 1608 473 1671 in
488 1607 618 1693 Dialogo
630 1610 669 1674 de
678 1609 881 1694 Oratoribus,
895 1612 951 1702 qui
961 1628 1045 1678 totus
1054 1616 1093 1679 ad

54 1710 236 1802 exemplum
247 1711 432 1801 Lipsienum
442 1728 598 1777 correctus
609 1729 665 1778 cst.
680 1713 762 1779 Ante
777 1713 922 1779 Pichenre
933 1731 1034 1781 tamen
1044 1742 1095 1783 re·

58 1816 268 1901 cognitionem
287 1816 505 1881 correctionem
529 1816 619 1880 istem
643 1817 753 1881 sectam
775 1840 857 1899 esse,
882 1833 968 1906 patet
985 1843 1022 1885 ex
1039 1844 1094 1907 eo,

58 1918 495 2011 quodnilrilemendationum
508 1918 653 1985 Pichenae
664 1921 826 2008 reperitur.
841 1919 923 1986 Novi
935 1975 943 2003 ,
957 1921 1016 1988 hoc
1030 1941 1095 2010 est,

60 2025 146 2115 qnod
159 2023 237 2091 alibi
253 2046 317 2090 non
334 2027 397 2113 jam
417 2040 512 2107 esset,
532 2046 698 2112 perparum
716 2026 836 2113 reperi,
854 2027 939 2116 quod
964 2026 996 2090 in
1015 2029 1098 2095 notis

61 2128 137 2193 meis
151 2127 284 2217 prodere
296 2118 359 2191 non
369 2125 500 2212 neglexi.
517 2126 637 2192 Ceterae
650 2125 862 2217 Gryphianae,
877 2152 947 2220 quae
961 2154 1096 2197 comme-

38 2224 45 2239 '
61 2245 229 2313 morentur,
241 2245 398 2321 quotquot
410 2244 481 2294 ante
495 2228 639 2316 Lipsium
651 2230 811 2318 prodiere,
827 2231 912 2298 baud
925 2233 1099 2301 (1111110110-

62 2349 129 2401 tum
142 2335 279 2422 priorem
292 2331 376 2398 illam
388 2347 533 2422 repetunt
547 2358 554 2393 :
567 2333 651 2397 unde
662 2355 712 2399 eas
725 2358 788 2401 non
800 2358 985 2426 magnopere
995 2340 1099 2428 requi-

63 2437 130 2502 siri.
143 2435 230 2521 Quae
248 2452 318 2525 post
335 2436 515 2525 Lipsianam
532 2431 650 2495 ledam
668 2438 803 2522 vulgatae
820 2456 910 2523 sunt,
927 2439 1013 2506 velut
1029 2433 1103 2507 'An'

64 2541 140 2605 tonii
150 2539 292 2630 Gryphii
305 2563 332 2606 1.
346 2538 749 2627 157601158411101101111,
762 2565 779 2608 e
791 2542 944 2632 Lipsiano
957 2544 1099 2634 exemplo

10 2644 12 2657 '
65 2644 166 2711 ductae
186 2659 270 2709 sunt.
292 2642 455 2728 Ceterum,
470 2645 592 2734 quoties
614 2645 647 2710 in
668 2645 749 2710 notis
769 2648 880 2711 nostris
906 2647 954 2712 ed.
976 2646 1099 2737 Grypb.

64 2746 442 2835 commemoratur„prima
453 2745 507 2811 illa
522 2770 549 2811 a.
564 2746 646 2827 1543
664 2746 797 2832 intelligi
813 2749 915 2814 debet.

105 2852 181 2918 Fuit
192 2875 265 2935 ergo
278 2850 341 2916 illis
351 2851 560 2940 temporibus,
575 2851 635 2918 hoc
647 2867 692 2918 est
704 2852 777 2918 inde
787 2852 826 2916 ab
839 2876 866 2918 a.
885 2853 965 2918 1533
978 2852 1102 2939 vulgata

66 2955 168 3021 'l'aciti
179 2952 274 3027 lectio
286 2953 419 3043 exempli
436 2977 454 3018 a
469 2953 620 3020 Rhenano
634 2955 770 3044 proditi,
789 2955 849 3021 nisi
869 2956 947 3021 sorte
960 2958 1101 3023 Floren-

67 3062 130 3123 tr'rra
148 3083 181 3123 11
200 3057 543 3149 155,100101111,4111111
560 3075 774 3126 commemorat
791 3059 971 3142 Fabricius,
991 3062 1102 3149 prioris

69 3160 216 3250 exempli,
238 3160 297 3226 hoc
322 3175 367 3225 est
393 3159 587 3244 Beroaldini,
606 3178 659 3227 aut
682 3162 808 3228 Juntini
829 3163 957 3251 prioris,
982 3161 1041 3228 hoc
1057 3180 1103 3229 est

69 3288 94 3328 a
108 3264 189 3353 1527
204 3263 340 3329 retinens
353 3263 561 3355 lui13dequo
573 3264 653 3329 nibil
664 3266 868 3354 pronunciare
880 3265 913 3330 in
925 3265 1104 3333 alterutram

71 3385 185 3455 partem
203 3365 295 3450 licet,
320 3389 392 3432 cum
412 3365 491 3431 milri
510 3390 669 3458 nunquam
687 3369 852 3454 contigerit
872 3375 940 3502 ejus
960 3370 1104 3436 editionis

71 3468 245 3560 exemplum
258 3418 374 3535 videre.

109 3574 140 3664 A
157 3574 263 3639 medio
277 3588 382 3639 autem
401 3572 485 3637 XVI
500 3573 612 3641 saeculo
625 3575 689 3642 duo
701 3574 943 3642 eruditissimi
913 3597 973 3641 vrrr
964 3577 1026 3642 ad
1041 3578 1105 3642 Te-

74 3675 392 3763 cittnncorrigendum
399 3678 1024 3771 ingeniumdoctrinamquecontulere,M.
1031 3680 1106 3744 An-

75 3784 171 3847 tenrirs
188 3783 342 3847 Muretus
362 3798 393 3847 et
412 3785 524 3852 Jurtus
543 3783 679 3870 Lipsius.
700 3784 760 3851 Sed
779 3783 943 3848 Muretum
955 3786 1104 3871 praevenit

77 3879 216 3973 Lipsius,
235 3900 273 3950 ut
288 3885 355 3975 ipse
366 3884 511 3952 Muretus
523 3901 651 3979 testetur
665 3886 736 3950 Ver.
753 3887 840 3952 Lect.
854 3884 925 3970 XI,
947 3909 981 3969 1,
1000 3887 1105 3952 admo-

78 3975 277 4058 lantweri
298 3987 422 4074 ingenio
441 4004 473 4055 et
496 3988 782 4090 doctrinaeIipsiia
804 3988 1103 4078 Deprehendinm,

403 4112 405 4118 '
434 4123 435 4126 ¹
642 4126 646 4133 ·
903 4109 930 4142 ,0.
