2692 4824
429 339 718 414 runcano.
757 422 762 441 ,
890 368 896 381 ·
1006 350 1092 441 ms

70 485 125 530 rum
138 460 296 548 egregiam
311 457 415 527 Taciti
429 462 519 530 libris
532 487 655 554 operam
669 465 811 550 navavit,
830 466 915 558 quod
936 486 987 533 eos
1006 472 1100 535 etiam

67 565 171 632 avitiis
187 565 364 632 manifestis
376 564 427 632 vel
435 566 632 633 librariorum
645 568 694 634 vel
707 570 972 659 typographorum
987 571 1101 640 libera-

65 670 110 736 vit.
125 670 189 737 Sed
207 671 248 737 de
261 670 372 737 Frenc.
389 671 562 738 Puteolano
574 674 630 763 qui
644 672 720 738 velit
735 697 935 760 cognoscere,
949 679 1036 743 adeat
1049 679 1069 744 J
1071 704 1109 745 o.·

63 773 140 841 sarii
164 777 256 843 Hist.
280 777 366 840 liter.
387 791 516 865 typogr.
541 776 722 842 Mediolon.
744 780 933 867 praemissam
958 781 1101 866 Argelati

61 879 137 944 titt.
151 878 272 966 Script.
286 877 444 958 Mediol,
465 893 490 944 t.
513 879 547 962 l,
564 879 620 970 qui
640 874 670 945 et
686 881 752 970 ipsc
768 883 935 948 editionem
949 883 1100 951 mediola-

58 1004 178 1049 nensem
192 983 268 1050 facit
282 1005 366 1067 eam,
381 1005 452 1074 quae
467 984 533 1050 sine
546 985 619 1049 anni
636 1001 666 1050 et
678 983 740 1051 loci
753 1001 827 1051 nota
838 1004 931 1053 extat.
951 988 1102 1055 Ceterum

56 1086 121 1153 baec
134 1103 204 1172 est,
219 1109 315 1178 quam
329 1087 483 1172 Pichena,
500 1089 558 1178 qui
571 1110 637 1154 eam
652 1111 669 1153 e
683 1087 757 1153 MS.
774 1088 855 1156 bono
869 1093 994 1156 ductam
1011 1092 1102 1182 judi-

56 1207 122 1276 cat,
147 1192 225 1259 item
246 1189 408 1282 Ryclius,
424 1191 577 1259 Venetam
594 1192 771 1283 appellant,
794 1217 921 1282 nempe,
946 1193 995 1260 rel
1017 1197 1104 1286 quod
1196 1284 1199 1289 Ι

55 1297 187 1387 primam
204 1295 290 1361 illam
309 1297 418 1362 Romae
436 1314 573 1363 curatam
586 1297 758 1388 putabant,
774 1295 823 1362 vel
840 1298 967 1365 Venetae
987 1300 1104 1388 repeti-

56 1402 150 1469 tionis
167 1402 263 1469 modo
273 1400 448 1491 exemplum
460 1401 614 1469 habebant
627 1426 634 1465 ε
647 1405 724 1488 etsi,
740 1425 811 1495 quae
824 1401 954 1492 Lipsius
964 1426 996 1467 v.
1012 1427 1041 1468 c.
1063 1403 1103 1468 ad

57 1506 95 1570 A.
111 1503 186 1588 XI,
216 1506 272 1588 18,
289 1504 437 1570 eVeneta
457 1505 581 1591 laudat,
601 1508 635 1572 in
654 1505 713 1572 hac
732 1529 795 1571 non
813 1506 1021 1595 reperiuntur.
1042 1506 1105 1572 Sed

56 1611 88 1673 in
100 1606 220 1674 talibus
233 1606 323 1674 facile
337 1624 465 1693 erratur,
484 1609 690 1701 similiterque
711 1633 729 1673 a
748 1609 858 1698 Lipsio
879 1609 973 1674 etiam
988 1610 1020 1675 in
1037 1611 1104 1675 lto-

58 1735 165 1797 mana,
177 1735 275 1804 quam
287 1730 416 1798 vocant,
429 1730 565 1780 erratum
580 1729 638 1780 est.
660 1713 731 1798 Ego
751 1711 916 1779 Puteolani
935 1713 1104 1779 editionem

58 1817 188 1901 vocavi,
211 1831 249 1881 ut
268 1815 307 1882 ab
327 1815 397 1882 aliis
413 1817 539 1883 Venetis
554 1817 809 1901 distingueretur,
831 1832 973 1906 essetque
993 1840 1105 1882 nomen

58 1926 126 2012 ejus
149 1936 182 1987 et
204 1918 494 1987 Mediolanensibus
516 1938 547 1987 et
560 1921 688 1986 Venetis
710 1918 857 2009 exemplis
878 1935 998 2008 aptum.
1023 1920 1105 1985 Sunt
1159 1963 1163 1972 -

58 2041 162 2098 autem
172 2023 274 2115 hujus
289 2025 434 2091 editionis
450 2023 590 2115 exempla
600 2022 807 2114 perpulchra,
827 2023 921 2089 etiam
939 2046 1031 2112 supra
1045 2023 1105 2088 Ve-

59 2145 160 2196 netem
174 2129 250 2195 Joh.
265 2128 428 2219 Spirensis.

108 2233 230 2300 Extare
256 2232 351 2298 etiam
379 2229 513 2297 sciebam
541 2231 602 2300 alia
628 2231 755 2298 Venetae
785 2230 933 2297 editionis
966 2232 1106 2322 exempla

60 2362 89 2403 a.
111 2339 334 2404 1512cu1arae
355 2360 373 2401 a
393 2335 442 2400 Jc.
466 2332 584 2415 Rivi03
607 2358 741 2425 quorum
762 2350 866 2401 tamen
885 2334 1009 2403 nullum
1027 2337 1105 2402 mihi

61 2460 130 2511 ante
142 2442 278 2533 primam
289 2457 424 2507 nostram
438 2439 606 2505 editionem
617 2439 788 2526 contigerat
797 2441 912 2506 videre.
931 2440 998 2506 Nec
1017 2463 1106 2526 mag-

61 2571 174 2638 nopere
195 2546 413 2614 desiderarem.
438 2543 565 2610 Etenim
586 2541 745 2634 Ryclrius,
764 2543 821 2635 qui
843 2549 911 2634 ejus
931 2542 1108 2632 exemplum

63 2651 190 2737 babuit,
206 2651 261 2716 vix
275 2650 341 2734 bis,
359 2650 393 2714 ni
406 2647 507 2733 fallor,
528 2664 584 2714 aut
605 2664 651 2714 ter
673 2648 707 2713 in
728 2648 810 2714 notis
831 2648 1019 2714 mentionem
1039 2653 1108 2738 ejus

64 2757 153 2841 fecit,
171 2779 229 2822 nec
245 2753 415 2847 quicquam
430 2776 469 2819 ex
482 2775 519 2818 eo
531 2750 681 2842 protulit,
696 2753 782 2844 quod
801 2753 911 2818 Tacito
925 2753 1105 2841 prodesset:

63 2862 145 2927 unde
154 2882 224 2927 eam
232 2856 439 2943 collegerame
449 2853 602 2944 superiori
612 2852 665 2918 illa
673 2870 771 2920 totam
779 2855 906 2921 ductam
916 2878 996 2941 esse,
1009 2879 1107 2947 eaque

64 2963 153 3031 facile
165 2987 269 3030 carere
282 2984 389 3052 posse,
402 2958 460 3052 qui
474 2958 558 3025 illam
576 2958 715 3025 baberet.
735 2958 797 3024 Sed
810 2975 930 3044 tamen,
949 2961 1108 3025 occasione

65 3067 183 3152 oblata,
196 3066 259 3134 emi
276 3064 451 3156 exemplum
471 3069 539 3155 ejus
560 3080 591 3129 et
610 3062 744 3153 inspexi.
762 3062 863 3129 Habet
876 3082 980 3130 autem
994 3064 1108 3153 praela·

66 3171 239 3241 umectam
253 3170 344 3239 Rivii
352 3168 493 3255 brevem,
512 3185 544 3236 et
559 3169 593 3233 in
604 3167 819 3234 eabreviorem
833 3168 926 3234 etiam
941 3167 1109 3258 professio·

67 3300 134 3343 nem
147 3278 190 3345 de
203 3297 299 3364 opera
310 3296 328 3340 e
340 3296 372 3340 se
384 3289 503 3340 navata.
518 3273 611 3363 Opus
624 3287 742 3357 totum,
756 3286 879 3361 recepta
890 3294 978 3338 novae
994 3271 1109 3338 editio-

69 3381 113 3446 nis
129 3405 223 3464 cura,
236 3378 435 3466 septimum,
450 3375 514 3459 ait,
528 3375 733 3465 percurrisse,
754 3377 793 3441 in
808 3399 907 3467 eoque
925 3390 972 3442 tot
989 3391 1108 3460 errata,

69 3498 112 3550 tot
122 3507 230 3551 naevcs
244 3481 409 3570 reperisse,
423 3494 460 3544 ut
472 3477 548 3544 locis
560 3502 653 3568 supra
665 3478 750 3547 mille
764 3480 942 3546 correxerit.
960 3478 1027 3565 Qui
1037 3503 1110 3568 pro-

70 3585 206 3653 fessionis
215 3586 327 3650 mcdus
337 3599 368 3650 et
380 3605 545 3649 consensus
555 3585 625 3672 ejus
636 3606 709 3648 cum
721 3600 810 3650 textu
822 3581 1002 3669 Puteolani,
1015 3604 1109 3675 quem

72 3689 101 3754 in
111 3691 194 3756 notis
205 3686 517 3772 indicavimus,clare
528 3685 822 3772 indicat,editi0nis
831 3687 958 3754 Venetae
970 3687 1110 3776 proxime
1168 3746 1175 3753 ,

75 3797 252 3885 superioris,
266 3796 354 3860 idest
366 3818 394 3859 a.
411 3791 493 3882 1497
509 3791 684 3881 exemplum
695 3794 734 3858 ab
747 3817 782 3859 eo
792 3794 836 3858 ita
847 3791 951 3882 prelis
962 3807 1110 3881 typogra-

76 3897 169 3985 phicis
185 3899 452 3966 accommodatum
470 3919 550 3982 esse,
575 3912 612 3961 ut
634 3918 796 3986 operarum
818 3897 896 3964 vitia
915 3895 1109 3978 tollerentur,

77 4025 139 4092 quse
160 4021 307 4095 praeterea
318 4003 430 4070 vitiosa
443 3999 632 4088 viderentur,
652 4003 692 4068 de
715 4002 835 4094 judicio
853 4024 910 4067 suo
929 3999 1108 4086 corrigeret.
