<?xml version="1.0" encoding="UTF-8"?>
<!DOCTYPE html PUBLIC "-//W3C//DTD XHTML 1.0 Transitional//EN"
    "http://www.w3.org/TR/xhtml1/DTD/xhtml1-transitional.dtd">
<html xmlns="http://www.w3.org/1999/xhtml" xml:lang="en" lang="en">
 <head>
  <title>
</title>
<meta http-equiv="Content-Type" content="text/html;charset=utf-8" />
  <meta name='ocr-system' content='tesseract 3.04.00' />
  <meta name='ocr-capabilities' content='ocr_page ocr_carea ocr_par ocr_line ocrx_word'/>
</head>
<body>
  <div class='ocr_page' id='page_1' title='image "bibliothecaclas33lemagoog_0036.png"; bbox 0 0 2692 4824; ppageno 0'>
   <div class='ocr_carea' id='block_1_1' title="bbox 434 352 1100 431">
    <p class='ocr_par' dir='ltr' id='par_1_1' title="bbox 434 352 1100 431">
     <span class='ocr_line' id='line_1_1' title="bbox 434 352 1100 431; baseline 0.005 -13"><span class='ocrx_word' id='word_1_1' title='bbox 434 352 722 422; x_wconf 81' lang='lat' dir='ltr'><strong>PRAEFATIO.</strong></span> <span class='ocrx_word' id='word_1_2' title='bbox 1047 361 1100 431; x_wconf 70' lang='lat' dir='ltr'><strong>xix</strong></span> 
     </span>
    </p>
   </div>
   <div class='ocr_carea' id='block_1_2' title="bbox 57 473 1200 3998">
    <p class='ocr_par' dir='ltr' id='par_1_2' title="bbox 57 473 1200 3998">
     <span class='ocr_line' id='line_1_2' title="bbox 68 473 1104 566; baseline 0.01 -26"><span class='ocrx_word' id='word_1_3' title='bbox 68 498 144 560; x_wconf 80' lang='lat' dir='ltr'><strong>cere,</strong></span> <span class='ocrx_word' id='word_1_4' title='bbox 167 498 243 541; x_wconf 87' lang='lat' dir='ltr'><strong>cnm</strong></span> <span class='ocrx_word' id='word_1_5' title='bbox 264 473 346 540; x_wconf 86' lang='lat' dir='ltr'><strong>nihil</strong></span> <span class='ocrx_word' id='word_1_6' title='bbox 371 474 485 542; x_wconf 87' lang='lat' dir='ltr'><strong>diserte</strong></span> <span class='ocrx_word' id='word_1_7' title='bbox 505 493 648 543; x_wconf 90' lang='lat' dir='ltr'><strong>notatum</strong></span> <span class='ocrx_word' id='word_1_8' title='bbox 670 478 845 566; x_wconf 82' lang='lat' dir='ltr'><strong>repererim.</strong></span> <span class='ocrx_word' id='word_1_9' title='bbox 869 477 952 545; x_wconf 92' lang='lat' dir='ltr'><strong>lllud</strong></span> <span class='ocrx_word' id='word_1_10' title='bbox 973 482 1104 550; x_wconf 89' lang='lat' dir='ltr'><strong>videoa</strong></span> 
     </span>
     <span class='ocr_line' id='line_1_3' title="bbox 66 577 1104 671; baseline 0.013 -29"><span class='ocrx_word' id='word_1_11' title='bbox 66 578 89 644; x_wconf 84' lang='lat' dir='ltr'><strong>J.</strong></span> <span class='ocrx_word' id='word_1_12' title='bbox 103 577 263 646; x_wconf 83' lang='lat' dir='ltr'><strong>Gronovio</strong></span> <span class='ocrx_word' id='word_1_13' title='bbox 275 579 454 668; x_wconf 91' lang='lat' dir='ltr'><strong>proditum,</strong></span> <span class='ocrx_word' id='word_1_14' title='bbox 469 581 501 645; x_wconf 91' lang='lat' dir='ltr'><strong>in</strong></span> <span class='ocrx_word' id='word_1_15' title='bbox 514 582 614 671; x_wconf 83' lang='lat' dir='ltr'><strong>eapite</strong></span> <span class='ocrx_word' id='word_1_16' title='bbox 627 581 665 647; x_wconf 89' lang='lat' dir='ltr'><strong>L.</strong></span> <span class='ocrx_word' id='word_1_17' title='bbox 678 580 755 647; x_wconf 71' lang='lat'><em>1111.</em></span> <span class='ocrx_word' id='word_1_18' title='bbox 771 582 804 647; x_wconf 93' lang='lat' dir='ltr'><strong>in</strong></span> <span class='ocrx_word' id='word_1_19' title='bbox 824 581 879 649; x_wconf 91' lang='lat' dir='ltr'><strong>illo</strong></span> <span class='ocrx_word' id='word_1_20' title='bbox 897 586 1004 652; x_wconf 83' lang='lat' dir='ltr'><strong>codice</strong></span> <span class='ocrx_word' id='word_1_21' title='bbox 1024 590 1104 655; x_wconf 89' lang='lat' dir='ltr'><strong>scri·</strong></span> 
     </span>
     <span class='ocr_line' id='line_1_4' title="bbox 63 683 1101 777; baseline 0.012 -30"><span class='ocrx_word' id='word_1_22' title='bbox 63 699 148 771; x_wconf 87' lang='lat' dir='ltr'><strong>ptum</strong></span> <span class='ocrx_word' id='word_1_23' title='bbox 160 706 226 749; x_wconf 89' lang='lat' dir='ltr'><strong>esse</strong></span> <span class='ocrx_word' id='word_1_24' title='bbox 241 708 248 746; x_wconf 90' lang='lat'><strong>:</strong></span> <span class='ocrx_word' id='word_1_25' title='bbox 265 684 383 771; x_wconf 80' lang='lat' dir='ltr'><strong>Incipit</strong></span> <span class='ocrx_word' id='word_1_26' title='bbox 397 683 439 750; x_wconf 88' lang='lat' dir='ltr'><strong>L.</strong></span> <span class='ocrx_word' id='word_1_27' title='bbox 454 685 548 752; x_wconf 91' lang='lat' dir='ltr'><em>IIII.</em></span> <span class='ocrx_word' id='word_1_28' title='bbox 562 688 603 750; x_wconf 85' lang='lat' dir='ltr'><strong>cb</strong></span> <span class='ocrx_word' id='word_1_29' title='bbox 614 709 749 752; x_wconf 82' lang='lat' dir='ltr'><strong>excessu</strong></span> <span class='ocrx_word' id='word_1_30' title='bbox 763 686 917 777; x_wconf 77' lang='lat' dir='ltr'><strong>Augusti.</strong></span> <span class='ocrx_word' id='word_1_31' title='bbox 930 689 1101 759; x_wconf 85' lang='lat' dir='ltr'><strong>Rhenanus</strong></span> 
     </span>
     <span class='ocr_line' id='line_1_5' title="bbox 62 786 1102 887; baseline 0.012 -36"><span class='ocrx_word' id='word_1_32' title='bbox 62 786 209 852; x_wconf 80' lang='lat' dir='ltr'><strong>Annales</strong></span> <span class='ocrx_word' id='word_1_33' title='bbox 221 787 380 876; x_wconf 85' lang='lat' dir='ltr'><strong>inscripsit</strong></span> <span class='ocrx_word' id='word_1_34' title='bbox 392 815 399 850; x_wconf 93' lang='lat'><strong>:</strong></span> <span class='ocrx_word' id='word_1_35' title='bbox 413 789 498 880; x_wconf 90' lang='lat' dir='ltr'><strong>quod</strong></span> <span class='ocrx_word' id='word_1_36' title='bbox 507 805 684 856; x_wconf 81' lang='lat' dir='ltr'><strong>constanter</strong></span> <span class='ocrx_word' id='word_1_37' title='bbox 694 814 799 856; x_wconf 89' lang='lat' dir='ltr'><strong>omnes</strong></span> <span class='ocrx_word' id='word_1_38' title='bbox 807 793 907 857; x_wconf 85' lang='lat' dir='ltr'><strong>secuti</strong></span> <span class='ocrx_word' id='word_1_39' title='bbox 918 811 991 860; x_wconf 92' lang='lat' dir='ltr'><strong>sunt</strong></span> <span class='ocrx_word' id='word_1_40' title='bbox 1002 818 1102 887; x_wconf 89' lang='lat' dir='ltr'><strong>usque</strong></span> 
     </span>
     <span class='ocr_line' id='line_1_6' title="bbox 61 893 1105 992; baseline 0.009 -35"><span class='ocrx_word' id='word_1_41' title='bbox 61 895 95 958; x_wconf 85' lang='lat' dir='ltr'><strong>ad</strong></span> <span class='ocrx_word' id='word_1_42' title='bbox 116 893 287 982; x_wconf 82' lang='lat' dir='ltr'><strong>Lipsiurn3</strong></span> <span class='ocrx_word' id='word_1_43' title='bbox 312 893 368 984; x_wconf 87' lang='lat' dir='ltr'><strong>qui</strong></span> <span class='ocrx_word' id='word_1_44' title='bbox 388 910 544 984; x_wconf 82' lang='lat' dir='ltr'><strong>receptam</strong></span> <span class='ocrx_word' id='word_1_45' title='bbox 558 894 652 961; x_wconf 91' lang='lat' dir='ltr'><strong>bodie</strong></span> <span class='ocrx_word' id='word_1_46' title='bbox 666 896 816 962; x_wconf 87' lang='lat' dir='ltr'><strong>rationem</strong></span> <span class='ocrx_word' id='word_1_47' title='bbox 830 897 950 963; x_wconf 86' lang='lat' dir='ltr'><strong>invexit</strong></span> <span class='ocrx_word' id='word_1_48' title='bbox 967 925 973 959; x_wconf 94' lang='lat'>:</span> <span class='ocrx_word' id='word_1_49' title='bbox 988 900 1027 965; x_wconf 90' lang='lat' dir='ltr'><strong>de</strong></span> <span class='ocrx_word' id='word_1_50' title='bbox 1042 925 1105 992; x_wconf 85' lang='lat' dir='ltr'><strong>qua</strong></span> 
     </span>
     <span class='ocr_line' id='line_1_7' title="bbox 60 997 1106 1087; baseline 0.006 -25"><span class='ocrx_word' id='word_1_51' title='bbox 60 997 122 1086; x_wconf 89' lang='lat' dir='ltr'><strong>ipse</strong></span> <span class='ocrx_word' id='word_1_52' title='bbox 133 998 210 1062; x_wconf 88' lang='lat' dir='ltr'><strong>satis</strong></span> <span class='ocrx_word' id='word_1_53' title='bbox 220 997 385 1063; x_wconf 85' lang='lat' dir='ltr'><strong>dixit.Neo</strong></span> <span class='ocrx_word' id='word_1_54' title='bbox 397 997 430 1062; x_wconf 91' lang='lat' dir='ltr'><strong>in</strong></span> <span class='ocrx_word' id='word_1_55' title='bbox 445 998 634 1087; x_wconf 86' lang='lat' dir='ltr'><strong>praenomine</strong></span> <span class='ocrx_word' id='word_1_56' title='bbox 641 998 744 1064; x_wconf 84' lang='lat' dir='ltr'><strong>Taciti</strong></span> <span class='ocrx_word' id='word_1_57' title='bbox 755 1001 962 1066; x_wconf 89' lang='lat' dir='ltr'><strong>consentiunt.</strong></span> <span class='ocrx_word' id='word_1_58' title='bbox 975 1001 1007 1066; x_wconf 86' lang='lat' dir='ltr'><strong>J.</strong></span> <span class='ocrx_word' id='word_1_59' title='bbox 1021 1001 1106 1068; x_wconf 89' lang='lat' dir='ltr'><strong>Gro-</strong></span> 
     </span>
     <span class='ocr_line' id='line_1_8' title="bbox 59 1101 1106 1191; baseline 0.009 -25"><span class='ocrx_word' id='word_1_60' title='bbox 59 1102 168 1169; x_wconf 85' lang='lat' dir='ltr'><strong>novius</strong></span> <span class='ocrx_word' id='word_1_61' title='bbox 185 1125 202 1166; x_wconf 92' lang='lat' dir='ltr'><strong>e</strong></span> <span class='ocrx_word' id='word_1_62' title='bbox 216 1101 361 1168; x_wconf 87' lang='lat' dir='ltr'><strong>Medieeo</strong></span> <span class='ocrx_word' id='word_1_63' title='bbox 377 1102 495 1191; x_wconf 77' lang='lat' dir='ltr'><strong>profert</strong></span> <span class='ocrx_word' id='word_1_64' title='bbox 507 1105 548 1169; x_wconf 90' lang='lat' dir='ltr'><strong>P.</strong></span> <span class='ocrx_word' id='word_1_65' title='bbox 563 1120 594 1168; x_wconf 88' lang='lat' dir='ltr'><strong>et</strong></span> <span class='ocrx_word' id='word_1_66' title='bbox 607 1103 640 1168; x_wconf 94' lang='lat' dir='ltr'><strong>id</strong></span> <span class='ocrx_word' id='word_1_67' title='bbox 656 1105 684 1168; x_wconf 93' lang='lat' dir='ltr'><strong>ei</strong></span> <span class='ocrx_word' id='word_1_68' title='bbox 695 1103 847 1170; x_wconf 89' lang='lat' dir='ltr'><strong>tribuitur</strong></span> <span class='ocrx_word' id='word_1_69' title='bbox 864 1105 896 1169; x_wconf 91' lang='lat' dir='ltr'><strong>in</strong></span> <span class='ocrx_word' id='word_1_70' title='bbox 914 1106 1106 1175; x_wconf 91' lang='lat' dir='ltr'><strong>editionibus</strong></span> 
     </span>
     <span class='ocr_line' id='line_1_9' title="bbox 58 1206 1105 1302; baseline 0.009 -32"><span class='ocrx_word' id='word_1_71' title='bbox 58 1207 215 1272; x_wconf 81' lang='lat' dir='ltr'><strong>veteribus</strong></span> <span class='ocrx_word' id='word_1_72' title='bbox 227 1206 300 1272; x_wconf 90' lang='lat' dir='ltr'><strong>inde</strong></span> <span class='ocrx_word' id='word_1_73' title='bbox 311 1231 330 1271; x_wconf 94' lang='lat' dir='ltr'><strong>a</strong></span> <span class='ocrx_word' id='word_1_74' title='bbox 340 1206 508 1291; x_wconf 81' lang='lat' dir='ltr'><strong>beroaldo,</strong></span> <span class='ocrx_word' id='word_1_75' title='bbox 523 1209 580 1300; x_wconf 92' lang='lat' dir='ltr'><strong>qui</strong></span> <span class='ocrx_word' id='word_1_76' title='bbox 592 1233 609 1274; x_wconf 88' lang='lat' dir='ltr'><strong>e</strong></span> <span class='ocrx_word' id='word_1_77' title='bbox 621 1207 765 1274; x_wconf 88' lang='lat' dir='ltr'><strong>Mediceo</strong></span> <span class='ocrx_word' id='word_1_78' title='bbox 783 1210 936 1299; x_wconf 89' lang='lat' dir='ltr'><strong>sumpsit,</strong></span> <span class='ocrx_word' id='word_1_79' title='bbox 952 1234 1051 1302; x_wconf 87' lang='lat' dir='ltr'><strong>usque</strong></span> <span class='ocrx_word' id='word_1_80' title='bbox 1065 1213 1105 1279; x_wconf 87' lang='lat' dir='ltr'><strong>ad</strong></span> 
     </span>
     <span class='ocr_line' id='line_1_10' title="bbox 58 1308 1107 1403; baseline 0.005 -28"><span class='ocrx_word' id='word_1_81' title='bbox 58 1308 222 1401; x_wconf 87' lang='lat' dir='ltr'><strong>Lipsinm,</strong></span> <span class='ocrx_word' id='word_1_82' title='bbox 237 1335 333 1403; x_wconf 85' lang='lat' dir='ltr'><strong>aquo</strong></span> <span class='ocrx_word' id='word_1_83' title='bbox 349 1310 388 1376; x_wconf 89' lang='lat' dir='ltr'><strong>C.</strong></span> <span class='ocrx_word' id='word_1_84' title='bbox 406 1334 583 1401; x_wconf 77' lang='lat' dir='ltr'><strong>praenomen</strong></span> <span class='ocrx_word' id='word_1_85' title='bbox 597 1312 805 1378; x_wconf 89' lang='lat' dir='ltr'><strong>substitutum</strong></span> <span class='ocrx_word' id='word_1_86' title='bbox 819 1329 879 1398; x_wconf 88' lang='lat' dir='ltr'><strong>est,</strong></span> <span class='ocrx_word' id='word_1_87' title='bbox 894 1329 1018 1380; x_wconf 87' lang='lat' dir='ltr'><strong>auctore</strong></span> <span class='ocrx_word' id='word_1_88' title='bbox 1030 1315 1057 1378; x_wconf 90' lang='lat' dir='ltr'>F</span> <span class='ocrx_word' id='word_1_89' title='bbox 1058 1324 1107 1380; x_wconf 77' lang='lat' dir='ltr'><strong>ar‘·</strong></span> 
     </span>
     <span class='ocr_line' id='line_1_11' title="bbox 57 1413 1106 1507; baseline 0.004 -27"><span class='ocrx_word' id='word_1_90' title='bbox 57 1416 183 1481; x_wconf 87' lang='lat' dir='ltr'><strong>nesiano</strong></span> <span class='ocrx_word' id='word_1_91' title='bbox 196 1415 278 1480; x_wconf 92' lang='lat' dir='ltr'><strong>libro</strong></span> <span class='ocrx_word' id='word_1_92' title='bbox 291 1429 323 1480; x_wconf 88' lang='lat' dir='ltr'><strong>et</strong></span> <span class='ocrx_word' id='word_1_93' title='bbox 336 1413 466 1480; x_wconf 90' lang='lat' dir='ltr'><strong>Sidonio</strong></span> <span class='ocrx_word' id='word_1_94' title='bbox 480 1415 667 1504; x_wconf 83' lang='lat' dir='ltr'><strong>Apollinari.</strong></span> <span class='ocrx_word' id='word_1_95' title='bbox 682 1418 769 1482; x_wconf 89' lang='lat' dir='ltr'><strong>Idem</strong></span> <span class='ocrx_word' id='word_1_96' title='bbox 787 1417 880 1482; x_wconf 88' lang='lat' dir='ltr'><strong>etiam</strong></span> <span class='ocrx_word' id='word_1_97' title='bbox 891 1418 992 1507; x_wconf 86' lang='lat' dir='ltr'><strong>reperi</strong></span> <span class='ocrx_word' id='word_1_98' title='bbox 1005 1419 1038 1482; x_wconf 90' lang='lat' dir='ltr'><strong>in</strong></span> <span class='ocrx_word' id='word_1_99' title='bbox 1049 1442 1106 1484; x_wconf 91' lang='lat' dir='ltr'><strong>an-</strong></span> 
     </span>
     <span class='ocr_line' id='line_1_12' title="bbox 59 1516 1105 1612; baseline 0.002 -28"><span class='ocrx_word' id='word_1_100' title='bbox 59 1519 237 1612; x_wconf 86' lang='lat' dir='ltr'><strong>tiquissima</strong></span> <span class='ocrx_word' id='word_1_101' title='bbox 251 1518 390 1584; x_wconf 85' lang='lat' dir='ltr'><strong>editione</strong></span> <span class='ocrx_word' id='word_1_102' title='bbox 400 1516 473 1583; x_wconf 92' lang='lat' dir='ltr'><strong>libri</strong></span> <span class='ocrx_word' id='word_1_103' title='bbox 487 1520 526 1583; x_wconf 92' lang='lat' dir='ltr'><strong>de</strong></span> <span class='ocrx_word' id='word_1_104' title='bbox 536 1517 720 1604; x_wconf 80' lang='lat' dir='ltr'><strong>Germania,</strong></span> <span class='ocrx_word' id='word_1_105' title='bbox 733 1522 771 1585; x_wconf 90' lang='lat' dir='ltr'><strong>de</strong></span> <span class='ocrx_word' id='word_1_106' title='bbox 783 1544 844 1610; x_wconf 87' lang='lat' dir='ltr'><strong>qua</strong></span> <span class='ocrx_word' id='word_1_107' title='bbox 854 1520 933 1585; x_wconf 81' lang='lat' dir='ltr'><strong>inira</strong></span> <span class='ocrx_word' id='word_1_108' title='bbox 946 1522 1105 1605; x_wconf 79' lang='lat' dir='ltr'><strong>dicemus3</strong></span> 
     </span>
     <span class='ocr_line' id='line_1_13' title="bbox 59 1622 1104 1714; baseline 0.002 -24"><span class='ocrx_word' id='word_1_109' title='bbox 59 1626 141 1690; x_wconf 87' lang='lat' dir='ltr'><strong>unde</strong></span> <span class='ocrx_word' id='word_1_110' title='bbox 153 1647 229 1690; x_wconf 89' lang='lat' dir='ltr'><strong>sane</strong></span> <span class='ocrx_word' id='word_1_111' title='bbox 237 1623 419 1690; x_wconf 87' lang='lat' dir='ltr'><strong>firmamenti</strong></span> <span class='ocrx_word' id='word_1_112' title='bbox 431 1622 551 1714; x_wconf 88' lang='lat' dir='ltr'><strong>aliquid</strong></span> <span class='ocrx_word' id='word_1_113' title='bbox 566 1625 686 1690; x_wconf 88' lang='lat' dir='ltr'><strong>accedit</strong></span> <span class='ocrx_word' id='word_1_114' title='bbox 697 1623 855 1714; x_wconf 85' lang='lat' dir='ltr'><strong>Lipsianae</strong></span> <span class='ocrx_word' id='word_1_115' title='bbox 866 1624 989 1690; x_wconf 86' lang='lat' dir='ltr'><strong>rationi.</strong></span> <span class='ocrx_word' id='word_1_116' title='bbox 1006 1626 1043 1689; x_wconf 91' lang='lat' dir='ltr'><strong>ln</strong></span> <span class='ocrx_word' id='word_1_117' title='bbox 1056 1627 1104 1692; x_wconf 93' lang='lat' dir='ltr'><strong>ed.</strong></span> 
     </span>
     <span class='ocr_line' id='line_1_14' title="bbox 61 1716 1105 1817; baseline 0.003 -25"><span class='ocrx_word' id='word_1_118' title='bbox 61 1728 236 1816; x_wconf 83' lang='lat' dir='ltr'><strong>Spirensis,</strong></span> <span class='ocrx_word' id='word_1_119' title='bbox 257 1728 291 1793; x_wconf 94' lang='lat' dir='ltr'><strong>in</strong></span> <span class='ocrx_word' id='word_1_120' title='bbox 312 1728 415 1817; x_wconf 87' lang='lat' dir='ltr'><strong>capite</strong></span> <span class='ocrx_word' id='word_1_121' title='bbox 434 1727 628 1813; x_wconf 88' lang='lat' dir='ltr'><strong>Germaniae,</strong></span> <span class='ocrx_word' id='word_1_122' title='bbox 649 1745 680 1794; x_wconf 92' lang='lat' dir='ltr'><strong>et</strong></span> <span class='ocrx_word' id='word_1_123' title='bbox 703 1727 887 1812; x_wconf 81' lang='lat' dir='ltr'><strong>Puteolani,</strong></span> <span class='ocrx_word' id='word_1_124' title='bbox 910 1726 981 1794; x_wconf 89' lang='lat' dir='ltr'><strong>MS.</strong></span> <span class='ocrx_word' id='word_1_125' title='bbox 998 1716 1105 1796; x_wconf 81' lang='lat' dir='ltr'><strong>Gueli.</strong></span> 
     </span>
     <span class='ocr_line' id='line_1_15' title="bbox 60 1830 1107 1920; baseline 0.003 -24"><span class='ocrx_word' id='word_1_126' title='bbox 60 1830 184 1897; x_wconf 89' lang='lat' dir='ltr'><strong>nullum</strong></span> <span class='ocrx_word' id='word_1_127' title='bbox 189 1853 368 1920; x_wconf 78' lang='lat' dir='ltr'><strong>praenomen</strong></span> <span class='ocrx_word' id='word_1_128' title='bbox 374 1854 551 1920; x_wconf 81' lang='lat' dir='ltr'><strong>expressum</strong></span> <span class='ocrx_word' id='word_1_129' title='bbox 557 1848 612 1897; x_wconf 92' lang='lat' dir='ltr'><strong>est.</strong></span> <span class='ocrx_word' id='word_1_130' title='bbox 623 1832 732 1896; x_wconf 88' lang='lat' dir='ltr'><strong>Etiam</strong></span> <span class='ocrx_word' id='word_1_131' title='bbox 740 1830 890 1896; x_wconf 92' lang='lat' dir='ltr'><strong>librorum</strong></span> <span class='ocrx_word' id='word_1_132' title='bbox 900 1855 963 1896; x_wconf 92' lang='lat' dir='ltr'><strong>non</strong></span> <span class='ocrx_word' id='word_1_133' title='bbox 972 1834 1107 1899; x_wconf 88' lang='lat' dir='ltr'><strong>eundem</strong></span> 
     </span>
     <span class='ocr_line' id='line_1_16' title="bbox 63 1922 1106 2020; baseline 0.004 -20"><span class='ocrx_word' id='word_1_134' title='bbox 63 1958 230 2002; x_wconf 89' lang='lat' dir='ltr'><strong>numerum</strong></span> <span class='ocrx_word' id='word_1_135' title='bbox 250 1935 372 2001; x_wconf 84' lang='lat' dir='ltr'><strong>codices</strong></span> <span class='ocrx_word' id='word_1_136' title='bbox 389 1935 517 2000; x_wconf 78' lang='lat' dir='ltr'><strong>sariunt.</strong></span> <span class='ocrx_word' id='word_1_137' title='bbox 529 1936 652 2020; x_wconf 85' lang='lat' dir='ltr'><strong>Viginti</strong></span> <span class='ocrx_word' id='word_1_138' title='bbox 668 1935 742 2018; x_wconf 90' lang='lat' dir='ltr'><strong>alii,</strong></span> <span class='ocrx_word' id='word_1_139' title='bbox 757 1933 810 1999; x_wconf 92' lang='lat' dir='ltr'><strong>alii</strong></span> <span class='ocrx_word' id='word_1_140' title='bbox 827 1958 924 1999; x_wconf 92' lang='lat' dir='ltr'><strong>unum</strong></span> <span class='ocrx_word' id='word_1_141' title='bbox 936 1950 968 2000; x_wconf 91' lang='lat' dir='ltr'><strong>et</strong></span> <span class='ocrx_word' id='word_1_142' title='bbox 983 1922 1106 2020; x_wconf 66' lang='lat' dir='ltr'><strong>viginti.</strong></span> 
     </span>
     <span class='ocr_line' id='line_1_17' title="bbox 61 2036 1107 2128; baseline 0.002 -25"><span class='ocrx_word' id='word_1_143' title='bbox 61 2038 134 2104; x_wconf 82' lang='lat' dir='ltr'><strong>Vidi</strong></span> <span class='ocrx_word' id='word_1_144' title='bbox 145 2039 242 2105; x_wconf 83' lang='lat' dir='ltr'><strong>etiam</strong></span> <span class='ocrx_word' id='word_1_145' title='bbox 249 2038 388 2105; x_wconf 88' lang='lat' dir='ltr'><strong>codicem</strong></span> <span class='ocrx_word' id='word_1_146' title='bbox 399 2040 562 2104; x_wconf 90' lang='lat' dir='ltr'><strong>memorari</strong></span> <span class='ocrx_word' id='word_1_147' title='bbox 573 2036 895 2128; x_wconf 82' lang='lat' dir='ltr'><strong>Montelalconio,qui</strong></span> <span class='ocrx_word' id='word_1_148' title='bbox 909 2038 1107 2124; x_wconf 80' lang='lat' dir='ltr'><strong>undeviginti</strong></span> 
     </span>
     <span class='ocr_line' id='line_1_18' title="bbox 62 2139 1108 2234; baseline 0.002 -28"><span class='ocrx_word' id='word_1_149' title='bbox 62 2157 184 2208; x_wconf 88' lang='lat' dir='ltr'><strong>tantum</strong></span> <span class='ocrx_word' id='word_1_150' title='bbox 189 2157 375 2208; x_wconf 86' lang='lat' dir='ltr'><strong>numeraret.</strong></span> <span class='ocrx_word' id='word_1_151' title='bbox 383 2141 500 2208; x_wconf 86' lang='lat' dir='ltr'><strong>Caussa</strong></span> <span class='ocrx_word' id='word_1_152' title='bbox 506 2142 692 2207; x_wconf 86' lang='lat' dir='ltr'><strong>diversitatis</strong></span> <span class='ocrx_word' id='word_1_153' title='bbox 700 2158 757 2224; x_wconf 89' lang='lat' dir='ltr'><strong>est,</strong></span> <span class='ocrx_word' id='word_1_154' title='bbox 767 2142 853 2234; x_wconf 89' lang='lat' dir='ltr'><strong>quod</strong></span> <span class='ocrx_word' id='word_1_155' title='bbox 862 2139 1005 2206; x_wconf 90' lang='lat' dir='ltr'><strong>nonnulli</strong></span> <span class='ocrx_word' id='word_1_156' title='bbox 1014 2142 1108 2209; x_wconf 91' lang='lat' dir='ltr'><strong>libro-</strong></span> 
     </span>
     <span class='ocr_line' id='line_1_19' title="bbox 62 2244 1108 2336; baseline 0.002 -25"><span class='ocrx_word' id='word_1_157' title='bbox 62 2269 148 2332; x_wconf 89' lang='lat' dir='ltr'><strong>mm,</strong></span> <span class='ocrx_word' id='word_1_158' title='bbox 163 2247 222 2336; x_wconf 87' lang='lat' dir='ltr'><strong>qui</strong></span> <span class='ocrx_word' id='word_1_159' title='bbox 237 2268 322 2312; x_wconf 89' lang='lat' dir='ltr'><strong>nunc</strong></span> <span class='ocrx_word' id='word_1_160' title='bbox 337 2244 546 2311; x_wconf 87' lang='lat' dir='ltr'><strong>Historiarum</strong></span> <span class='ocrx_word' id='word_1_161' title='bbox 558 2261 718 2328; x_wconf 85' lang='lat' dir='ltr'><strong>vocantur,</strong></span> <span class='ocrx_word' id='word_1_162' title='bbox 733 2244 871 2333; x_wconf 88' lang='lat' dir='ltr'><strong>primum</strong></span> <span class='ocrx_word' id='word_1_163' title='bbox 889 2260 920 2310; x_wconf 90' lang='lat' dir='ltr'><strong>et</strong></span> <span class='ocrx_word' id='word_1_164' title='bbox 933 2248 1108 2318; x_wconf 84' lang='lat' dir='ltr'><strong>secundum</strong></span> 
     </span>
     <span class='ocr_line' id='line_1_20' title="bbox 64 2345 1107 2440; baseline 0.004 -26"><span class='ocrx_word' id='word_1_165' title='bbox 64 2357 260 2440; x_wconf 82' lang='lat' dir='ltr'><strong>conjungunt</strong></span> <span class='ocrx_word' id='word_1_166' title='bbox 269 2401 278 2433; x_wconf 94' lang='lat'><strong>,</strong></span> <span class='ocrx_word' id='word_1_167' title='bbox 288 2364 325 2414; x_wconf 90' lang='lat' dir='ltr'><strong>ut</strong></span> <span class='ocrx_word' id='word_1_168' title='bbox 334 2348 601 2439; x_wconf 77' lang='lat' dir='ltr'><strong>Guelferbytanus</strong></span> <span class='ocrx_word' id='word_1_169' title='bbox 618 2351 724 2440; x_wconf 87' lang='lat' dir='ltr'><strong>:quod</strong></span> <span class='ocrx_word' id='word_1_170' title='bbox 734 2364 856 2414; x_wconf 91' lang='lat' dir='ltr'><strong>servant</strong></span> <span class='ocrx_word' id='word_1_171' title='bbox 869 2365 900 2414; x_wconf 89' lang='lat' dir='ltr'><strong>et</strong></span> <span class='ocrx_word' id='word_1_172' title='bbox 909 2345 984 2429; x_wconf 82' lang='lat' dir='ltr'><strong>edd.</strong></span> <span class='ocrx_word' id='word_1_173' title='bbox 1000 2353 1107 2418; x_wconf 84' lang='lat' dir='ltr'><strong>Franc.</strong></span> 
     </span>
     <span class='ocr_line' id='line_1_21' title="bbox 64 2451 1109 2540; baseline 0.003 -24"><span class='ocrx_word' id='word_1_174' title='bbox 64 2452 244 2536; x_wconf 87' lang='lat' dir='ltr'><strong>Puteolani,</strong></span> <span class='ocrx_word' id='word_1_175' title='bbox 258 2451 416 2537; x_wconf 89' lang='lat' dir='ltr'><strong>Beroaldi,</strong></span> <span class='ocrx_word' id='word_1_176' title='bbox 429 2451 576 2518; x_wconf 89' lang='lat' dir='ltr'><strong>Frobenii</strong></span> <span class='ocrx_word' id='word_1_177' title='bbox 593 2475 620 2518; x_wconf 91' lang='lat' dir='ltr'><strong>a.</strong></span> <span class='ocrx_word' id='word_1_178' title='bbox 639 2451 741 2537; x_wconf 81' lang='lat'><strong>1519,</strong></span> <span class='ocrx_word' id='word_1_179' title='bbox 758 2452 802 2517; x_wconf 92' lang='lat' dir='ltr'><strong>ita</strong></span> <span class='ocrx_word' id='word_1_180' title='bbox 818 2461 937 2540; x_wconf 84' lang='lat' dir='ltr'><strong>tamen,</strong></span> <span class='ocrx_word' id='word_1_181' title='bbox 953 2470 990 2518; x_wconf 89' lang='lat' dir='ltr'><strong>ut</strong></span> <span class='ocrx_word' id='word_1_182' title='bbox 1000 2453 1109 2521; x_wconf 88' lang='lat' dir='ltr'><strong>lacuna</strong></span> 
     </span>
     <span class='ocr_line' id='line_1_22' title="bbox 64 2555 1110 2647; baseline 0.001 -25"><span class='ocrx_word' id='word_1_183' title='bbox 64 2561 102 2623; x_wconf 90' lang='lat' dir='ltr'><strong>sit</strong></span> <span class='ocrx_word' id='word_1_184' title='bbox 109 2580 204 2647; x_wconf 90' lang='lat' dir='ltr'><strong>parva</strong></span> <span class='ocrx_word' id='word_1_185' title='bbox 214 2557 307 2622; x_wconf 91' lang='lat' dir='ltr'><strong>initio</strong></span> <span class='ocrx_word' id='word_1_186' title='bbox 315 2555 389 2623; x_wconf 90' lang='lat' dir='ltr'><strong>libri</strong></span> <span class='ocrx_word' id='word_1_187' title='bbox 398 2556 543 2639; x_wconf 88' lang='lat' dir='ltr'><strong>secundi,</strong></span> <span class='ocrx_word' id='word_1_188' title='bbox 557 2571 587 2620; x_wconf 88' lang='lat' dir='ltr'><strong>et</strong></span> <span class='ocrx_word' id='word_1_189' title='bbox 597 2556 699 2620; x_wconf 86' lang='lat' dir='ltr'><strong>infine</strong></span> <span class='ocrx_word' id='word_1_190' title='bbox 708 2555 1110 2644; x_wconf 76' lang='lat' dir='ltr'><strong>subscriptumtseptimus-</strong></span> 
     </span>
     <span class='ocr_line' id='line_1_23' title="bbox 65 2661 1111 2748; baseline 0.002 -22"><span class='ocrx_word' id='word_1_191' title='bbox 65 2663 204 2726; x_wconf 74' lang='lat' dir='ltr'><strong>decinam</strong></span> <span class='ocrx_word' id='word_1_192' title='bbox 214 2676 248 2725; x_wconf 84' lang='lat' dir='ltr'><strong>et</strong></span> <span class='ocrx_word' id='word_1_193' title='bbox 256 2661 528 2725; x_wconf 79' lang='lat' dir='ltr'><strong>octavusdecimus</strong></span> <span class='ocrx_word' id='word_1_194' title='bbox 537 2662 662 2748; x_wconf 74' lang='lat' dir='ltr'><strong>confrui</strong></span> <span class='ocrx_word' id='word_1_195' title='bbox 669 2664 764 2725; x_wconf 86' lang='lat' dir='ltr'><strong>simul</strong></span> <span class='ocrx_word' id='word_1_196' title='bbox 771 2663 953 2747; x_wconf 72' lang='lat' dir='ltr'><strong>expliciunt</strong></span> <span class='ocrx_word' id='word_1_197' title='bbox 967 2688 977 2723; x_wconf 90' lang='grc'><strong>.·</strong></span> <span class='ocrx_word' id='word_1_198' title='bbox 992 2661 1040 2726; x_wconf 89' lang='lat' dir='ltr'><strong>vel</strong></span> <span class='ocrx_word' id='word_1_199' title='bbox 1053 2663 1111 2728; x_wconf 83' lang='lat' dir='ltr'><strong>Li-</strong></span> 
     </span>
     <span class='ocr_line' id='line_1_24' title="bbox 67 2763 1110 2855; baseline 0.003 -25"><span class='ocrx_word' id='word_1_200' title='bbox 67 2765 245 2834; x_wconf 79' lang='lat' dir='ltr'><strong>brorumX</strong></span> <span class='ocrx_word' id='word_1_201' title='bbox 251 2765 288 2832; x_wconf 89' lang='lat' dir='ltr'><em>V</em></span> <span class='ocrx_word' id='word_1_202' title='bbox 287 2765 331 2830; x_wconf 93' lang='lat' dir='ltr'><strong>II</strong></span> <span class='ocrx_word' id='word_1_203' title='bbox 335 2766 423 2831; x_wconf 81' lang='lat' dir='ltr'><strong>acX</strong></span> <span class='ocrx_word' id='word_1_204' title='bbox 428 2764 467 2832; x_wconf 92' lang='lat' dir='ltr'><em>V</em></span> <span class='ocrx_word' id='word_1_205' title='bbox 464 2763 533 2830; x_wconf 94' lang='lat' dir='ltr'><strong>III</strong></span> <span class='ocrx_word' id='word_1_206' title='bbox 532 2768 627 2831; x_wconf 80' lang='lat' dir='ltr'><strong>simut</strong></span> <span class='ocrx_word' id='word_1_207' title='bbox 631 2766 833 2850; x_wconf 83' lang='lat' dir='ltr'><strong>ccufirsorum</strong></span> <span class='ocrx_word' id='word_1_208' title='bbox 829 2764 970 2855; x_wconf 82' lang='lat' dir='ltr'><strong>fim‘s:et</strong></span> <span class='ocrx_word' id='word_1_209' title='bbox 980 2787 1110 2855; x_wconf 85' lang='lat' dir='ltr'><strong>sequeus</strong></span> 
     </span>
     <span class='ocr_line' id='line_1_25' title="bbox 65 2865 1110 2960; baseline -0.002 -23"><span class='ocrx_word' id='word_1_210' title='bbox 65 2869 140 2937; x_wconf 89' lang='lat' dir='ltr'><strong>liber</strong></span> <span class='ocrx_word' id='word_1_211' title='bbox 149 2868 311 2935; x_wconf 86' lang='lat' dir='ltr'><strong>XIXmus</strong></span> <span class='ocrx_word' id='word_1_212' title='bbox 322 2869 453 2934; x_wconf 81' lang='lat' dir='ltr'><strong>dicutur.</strong></span> <span class='ocrx_word' id='word_1_213' title='bbox 465 2868 512 2933; x_wconf 86' lang='lat' dir='ltr'><strong>Ac</strong></span> <span class='ocrx_word' id='word_1_214' title='bbox 522 2869 649 2933; x_wconf 83' lang='lat' dir='ltr'><strong>fortasse</strong></span> <span class='ocrx_word' id='word_1_215' title='bbox 659 2869 692 2933; x_wconf 92' lang='lat' dir='ltr'><strong>in</strong></span> <span class='ocrx_word' id='word_1_216' title='bbox 705 2869 744 2934; x_wconf 91' lang='lat' dir='ltr'><strong>iis</strong></span> <span class='ocrx_word' id='word_1_217' title='bbox 755 2865 859 2953; x_wconf 90' lang='lat' dir='ltr'><strong>libris,</strong></span> <span class='ocrx_word' id='word_1_218' title='bbox 874 2870 930 2960; x_wconf 86' lang='lat' dir='ltr'><strong>qui</strong></span> <span class='ocrx_word' id='word_1_219' title='bbox 941 2868 1030 2934; x_wconf 85' lang='lat' dir='ltr'><strong>XIX</strong></span> <span class='ocrx_word' id='word_1_220' title='bbox 1042 2885 1110 2935; x_wconf 89' lang='lat' dir='ltr'><strong>tan·</strong></span> 
     </span>
     <span class='ocr_line' id='line_1_26' title="bbox 65 2971 1108 3063; baseline 0 -24"><span class='ocrx_word' id='word_1_221' title='bbox 65 2992 130 3057; x_wconf 89' lang='lat' dir='ltr'><strong>tum</strong></span> <span class='ocrx_word' id='word_1_222' title='bbox 140 2974 309 3057; x_wconf 82' lang='lat' dir='ltr'><strong>exhibent,</strong></span> <span class='ocrx_word' id='word_1_223' title='bbox 321 2974 528 3058; x_wconf 81' lang='lat' dir='ltr'><strong>fragmentum</strong></span> <span class='ocrx_word' id='word_1_224' title='bbox 536 2971 609 3039; x_wconf 91' lang='lat' dir='ltr'><strong>libri</strong></span> <span class='ocrx_word' id='word_1_225' title='bbox 619 2972 702 3038; x_wconf 92' lang='lat' dir='ltr'><strong>Hist.</strong></span> <span class='ocrx_word' id='word_1_226' title='bbox 716 2972 821 3063; x_wconf 82' lang='lat' dir='ltr'><strong>quinti</strong></span> <span class='ocrx_word' id='word_1_227' title='bbox 835 2972 967 3040; x_wconf 82' lang='lat' dir='ltr'><strong>adhaesit</strong></span> <span class='ocrx_word' id='word_1_228' title='bbox 981 2988 1108 3063; x_wconf 86' lang='lat' dir='ltr'><strong>quarto,</strong></span> 
     </span>
     <span class='ocr_line' id='line_1_27' title="bbox 66 3069 1110 3166; baseline 0.001 -22"><span class='ocrx_word' id='word_1_229' title='bbox 66 3079 202 3145; x_wconf 86' lang='lat' dir='ltr'><strong>autalius</strong></span> <span class='ocrx_word' id='word_1_230' title='bbox 210 3077 274 3143; x_wconf 91' lang='lat' dir='ltr'><strong>alii.</strong></span> <span class='ocrx_word' id='word_1_231' title='bbox 286 3076 371 3142; x_wconf 92' lang='lat' dir='ltr'><strong>Illud</strong></span> <span class='ocrx_word' id='word_1_232' title='bbox 380 3093 483 3142; x_wconf 88' lang='lat' dir='ltr'><strong>autem</strong></span> <span class='ocrx_word' id='word_1_233' title='bbox 492 3076 566 3142; x_wconf 91' lang='lat' dir='ltr'><strong>binc</strong></span> <span class='ocrx_word' id='word_1_234' title='bbox 577 3069 669 3166; x_wconf 84' lang='lat' dir='ltr'><strong>plane</strong></span> <span class='ocrx_word' id='word_1_235' title='bbox 675 3074 872 3162; x_wconf 78' lang='lat' dir='ltr'><strong>intelligitur,</strong></span> <span class='ocrx_word' id='word_1_236' title='bbox 885 3078 917 3141; x_wconf 90' lang='lat' dir='ltr'><strong>in</strong></span> <span class='ocrx_word' id='word_1_237' title='bbox 927 3072 1110 3164; x_wconf 85' lang='lat' dir='ltr'><strong>antiquiori-</strong></span> 
     </span>
     <span class='ocr_line' id='line_1_28' title="bbox 68 3177 1200 3270; baseline -0.001 -23"><span class='ocrx_word' id='word_1_238' title='bbox 68 3183 121 3249; x_wconf 87' lang='lat' dir='ltr'><strong>bus</strong></span> <span class='ocrx_word' id='word_1_239' title='bbox 145 3182 235 3248; x_wconf 90' lang='lat' dir='ltr'><strong>libris</strong></span> <span class='ocrx_word' id='word_1_240' title='bbox 257 3181 375 3246; x_wconf 82' lang='lat' dir='ltr'><strong>nullam</strong></span> <span class='ocrx_word' id='word_1_241' title='bbox 395 3180 771 3270; x_wconf 88' lang='lat' dir='ltr'><strong>inscriptionem,·nullos</strong></span> <span class='ocrx_word' id='word_1_242' title='bbox 795 3204 939 3246; x_wconf 90' lang='lat' dir='ltr'><strong>numeros</strong></span> <span class='ocrx_word' id='word_1_243' title='bbox 959 3177 1111 3246; x_wconf 90' lang='lat' dir='ltr'><strong>librorum</strong></span> <span class='ocrx_word' id='word_1_244' title='bbox 1195 3193 1200 3198; x_wconf 83' lang='grc'><em>’</em></span> 
     </span>
     <span class='ocr_line' id='line_1_29' title="bbox 68 3282 1109 3375; baseline -0.002 -25"><span class='ocrx_word' id='word_1_245' title='bbox 68 3287 176 3372; x_wconf 87' lang='lat' dir='ltr'><strong>fuisse,</strong></span> <span class='ocrx_word' id='word_1_246' title='bbox 188 3303 227 3352; x_wconf 91' lang='lat' dir='ltr'><strong>ut</strong></span> <span class='ocrx_word' id='word_1_247' title='bbox 237 3287 271 3351; x_wconf 92' lang='lat' dir='ltr'><strong>in</strong></span> <span class='ocrx_word' id='word_1_248' title='bbox 286 3285 421 3351; x_wconf 89' lang='lat' dir='ltr'><strong>editione</strong></span> <span class='ocrx_word' id='word_1_249' title='bbox 435 3286 485 3351; x_wconf 87' lang='lat' dir='ltr'><strong>Jo.</strong></span> <span class='ocrx_word' id='word_1_250' title='bbox 500 3283 664 3375; x_wconf 86' lang='lat' dir='ltr'><strong>Spirensis.</strong></span> <span class='ocrx_word' id='word_1_251' title='bbox 678 3284 773 3352; x_wconf 88' lang='lat' dir='ltr'><strong>Forte</strong></span> <span class='ocrx_word' id='word_1_252' title='bbox 789 3286 881 3350; x_wconf 89' lang='lat' dir='ltr'><strong>etiam</strong></span> <span class='ocrx_word' id='word_1_253' title='bbox 890 3282 1047 3374; x_wconf 88' lang='lat' dir='ltr'><strong>probabile</strong></span> <span class='ocrx_word' id='word_1_254' title='bbox 1060 3285 1109 3348; x_wconf 85' lang='lat' dir='ltr'><strong>vi-</strong></span> 
     </span>
     <span class='ocr_line' id='line_1_30' title="bbox 70 3376 1110 3480; baseline -0.001 -25"><span class='ocrx_word' id='word_1_255' title='bbox 70 3392 173 3458; x_wconf 88' lang='lat' dir='ltr'><strong>deatur</strong></span> <span class='ocrx_word' id='word_1_256' title='bbox 184 3388 343 3456; x_wconf 88' lang='lat' dir='ltr'><strong>nonnullis</strong></span> <span class='ocrx_word' id='word_1_257' title='bbox 352 3442 361 3475; x_wconf 90' lang='lat'><strong>,</strong></span> <span class='ocrx_word' id='word_1_258' title='bbox 370 3389 552 3459; x_wconf 90' lang='lat' dir='ltr'><strong>discrimina</strong></span> <span class='ocrx_word' id='word_1_259' title='bbox 561 3389 713 3456; x_wconf 87' lang='lat' dir='ltr'><strong>librorum</strong></span> <span class='ocrx_word' id='word_1_260' title='bbox 723 3413 786 3455; x_wconf 91' lang='lat' dir='ltr'><strong>non</strong></span> <span class='ocrx_word' id='word_1_261' title='bbox 797 3412 861 3456; x_wconf 88' lang='lat' dir='ltr'><strong>esse</strong></span> <span class='ocrx_word' id='word_1_262' title='bbox 871 3413 888 3453; x_wconf 89' lang='lat' dir='ltr'><strong>a</strong></span> <span class='ocrx_word' id='word_1_263' title='bbox 898 3391 1025 3473; x_wconf 85' lang='lat' dir='ltr'><strong>Tacito,</strong></span> <span class='ocrx_word' id='word_1_264' title='bbox 1039 3376 1110 3480; x_wconf 67' lang='lat' dir='ltr'><strong>quie</strong></span> 
     </span>
     <span class='ocr_line' id='line_1_31' title="bbox 70 3479 1111 3583; baseline -0.002 -25"><span class='ocrx_word' id='word_1_265' title='bbox 70 3518 120 3561; x_wconf 84' lang='lat' dir='ltr'><strong>nec</strong></span> <span class='ocrx_word' id='word_1_266' title='bbox 131 3494 304 3561; x_wconf 90' lang='lat' dir='ltr'><strong>necessaria</strong></span> <span class='ocrx_word' id='word_1_267' title='bbox 313 3509 416 3580; x_wconf 90' lang='lat' dir='ltr'><strong>erant,</strong></span> <span class='ocrx_word' id='word_1_268' title='bbox 428 3518 501 3560; x_wconf 85' lang='lat' dir='ltr'><strong>cum</strong></span> <span class='ocrx_word' id='word_1_269' title='bbox 513 3518 567 3583; x_wconf 91' lang='lat' dir='ltr'><strong>per</strong></span> <span class='ocrx_word' id='word_1_270' title='bbox 576 3517 671 3560; x_wconf 89' lang='lat' dir='ltr'><strong>annos</strong></span> <span class='ocrx_word' id='word_1_271' title='bbox 680 3494 810 3561; x_wconf 89' lang='lat' dir='ltr'><strong>historia</strong></span> <span class='ocrx_word' id='word_1_272' title='bbox 822 3480 940 3581; x_wconf 79' lang='lat' dir='ltr'><strong>digesta</strong></span> <span class='ocrx_word' id='word_1_273' title='bbox 952 3506 1045 3576; x_wconf 90' lang='lat' dir='ltr'><strong>esset,</strong></span> <span class='ocrx_word' id='word_1_274' title='bbox 1061 3479 1111 3558; x_wconf 88' lang='lat' dir='ltr'><strong>ea·</strong></span> 
     </span>
     <span class='ocr_line' id='line_1_32' title="bbox 72 3598 1110 3690; baseline -0.006 -24"><span class='ocrx_word' id='word_1_275' title='bbox 72 3624 127 3690; x_wconf 85' lang='lat' dir='ltr'><strong>que</strong></span> <span class='ocrx_word' id='word_1_276' title='bbox 138 3601 216 3666; x_wconf 83' lang='lat' dir='ltr'><strong>adeo</strong></span> <span class='ocrx_word' id='word_1_277' title='bbox 227 3599 435 3684; x_wconf 83' lang='lat' dir='ltr'><strong>grammaticis</strong></span> <span class='ocrx_word' id='word_1_278' title='bbox 443 3598 494 3664; x_wconf 78' lang='lat' dir='ltr'><strong>vel</strong></span> <span class='ocrx_word' id='word_1_279' title='bbox 503 3598 637 3665; x_wconf 89' lang='lat' dir='ltr'><strong>librariis</strong></span> <span class='ocrx_word' id='word_1_280' title='bbox 651 3599 757 3665; x_wconf 88' lang='lat' dir='ltr'><strong>deberi</strong></span> <span class='ocrx_word' id='word_1_281' title='bbox 769 3652 777 3680; x_wconf 97' lang='lat'><strong>,</strong></span> <span class='ocrx_word' id='word_1_282' title='bbox 792 3614 828 3664; x_wconf 88' lang='lat' dir='ltr'><strong>nt</strong></span> <span class='ocrx_word' id='word_1_283' title='bbox 843 3602 875 3663; x_wconf 92' lang='lat' dir='ltr'><strong>in</strong></span> <span class='ocrx_word' id='word_1_284' title='bbox 892 3598 959 3664; x_wconf 92' lang='lat' dir='ltr'><strong>aliis</strong></span> <span class='ocrx_word' id='word_1_285' title='bbox 972 3600 1110 3689; x_wconf 88' lang='lat' dir='ltr'><strong>antiquis</strong></span> 
     </span>
     <span class='ocr_line' id='line_1_33' title="bbox 72 3698 1112 3794; baseline -0.005 -27"><span class='ocrx_word' id='word_1_286' title='bbox 72 3701 152 3769; x_wconf 85' lang='lat' dir='ltr'><strong>libris</strong></span> <span class='ocrx_word' id='word_1_287' title='bbox 170 3704 234 3768; x_wconf 90' lang='lat' dir='ltr'><strong>:de</strong></span> <span class='ocrx_word' id='word_1_288' title='bbox 253 3727 334 3794; x_wconf 84' lang='lat' dir='ltr'><strong>quo,</strong></span> <span class='ocrx_word' id='word_1_289' title='bbox 350 3703 445 3787; x_wconf 86' lang='lat' dir='ltr'><strong>digna</strong></span> <span class='ocrx_word' id='word_1_290' title='bbox 464 3717 526 3786; x_wconf 91' lang='lat' dir='ltr'><strong>est,</strong></span> <span class='ocrx_word' id='word_1_291' title='bbox 548 3725 619 3792; x_wconf 85' lang='lat' dir='ltr'><strong>quae</strong></span> <span class='ocrx_word' id='word_1_292' title='bbox 638 3700 757 3788; x_wconf 84' lang='lat' dir='ltr'><strong>legatur</strong></span> <span class='ocrx_word' id='word_1_293' title='bbox 774 3703 927 3768; x_wconf 88' lang='lat' dir='ltr'><strong>Perizonii</strong></span> <span class='ocrx_word' id='word_1_294' title='bbox 943 3703 1043 3789; x_wconf 68' lang='lat' dir='ltr'><strong>praef.</strong></span> <span class='ocrx_word' id='word_1_295' title='bbox 1064 3698 1112 3763; x_wconf 79' lang='lat' dir='ltr'><strong>nd</strong></span> 
     </span>
     <span class='ocr_line' id='line_1_34' title="bbox 74 3803 1110 3898; baseline -0.005 -26"><span class='ocrx_word' id='word_1_296' title='bbox 74 3806 197 3872; x_wconf 84' lang='lat' dir='ltr'><strong>AElicui</strong></span> <span class='ocrx_word' id='word_1_297' title='bbox 206 3808 246 3875; x_wconf 88' lang='lat' dir='ltr'><em>V</em></span> <span class='ocrx_word' id='word_1_298' title='bbox 242 3830 293 3872; x_wconf 85' lang='lat' dir='ltr'><strong>ar.</strong></span> <span class='ocrx_word' id='word_1_299' title='bbox 301 3808 476 3873; x_wconf 83' lang='lat' dir='ltr'><strong>Historias.</strong></span> <span class='ocrx_word' id='word_1_300' title='bbox 487 3807 632 3898; x_wconf 87' lang='lat' dir='ltr'><strong>Denique</strong></span> <span class='ocrx_word' id='word_1_301' title='bbox 637 3805 778 3898; x_wconf 82' lang='lat' dir='ltr'><strong>plerique</strong></span> <span class='ocrx_word' id='word_1_302' title='bbox 785 3808 1035 3872; x_wconf 84' lang='lat' dir='ltr'><strong>codieestannrm</strong></span> <span class='ocrx_word' id='word_1_303' title='bbox 1044 3803 1110 3868; x_wconf 85' lang='lat' dir='ltr'><strong>An·</strong></span> 
     </span>
     <span class='ocr_line' id='line_1_35' title="bbox 75 3906 1110 3998; baseline -0.006 -22"><span class='ocrx_word' id='word_1_304' title='bbox 75 3911 186 3977; x_wconf 88' lang='lat' dir='ltr'><strong>nalium</strong></span> <span class='ocrx_word' id='word_1_305' title='bbox 194 3928 227 3976; x_wconf 90' lang='lat' dir='ltr'><strong>et</strong></span> <span class='ocrx_word' id='word_1_306' title='bbox 234 3911 446 3977; x_wconf 84' lang='lat' dir='ltr'><strong>Historiarum</strong></span> <span class='ocrx_word' id='word_1_307' title='bbox 455 3909 551 3977; x_wconf 88' lang='lat' dir='ltr'><strong>libros</strong></span> <span class='ocrx_word' id='word_1_308' title='bbox 561 3911 710 3978; x_wconf 81' lang='lat' dir='ltr'><strong>exhibent</strong></span> <span class='ocrx_word' id='word_1_309' title='bbox 724 3919 776 3998; x_wconf 89' lang='lat' dir='ltr'><strong>(et</strong></span> <span class='ocrx_word' id='word_1_310' title='bbox 790 3915 823 3976; x_wconf 90' lang='lat' dir='ltr'><strong>in</strong></span> <span class='ocrx_word' id='word_1_311' title='bbox 833 3929 968 3987; x_wconf 70' lang='lat' dir='ltr'><strong>extrem}</strong></span> <span class='ocrx_word' id='word_1_312' title='bbox 978 3906 1057 3972; x_wconf 84' lang='lat' dir='ltr'><strong>alius</strong></span> <span class='ocrx_word' id='word_1_313' title='bbox 1066 3912 1110 3972; x_wconf 80' lang='lat' dir='ltr'><strong>oi·</strong></span> 
     </span>
    </p>
   </div>
   <div class='ocr_carea' id='block_1_3' title="bbox 77 4011 1194 4165">
    <p class='ocr_par' dir='ltr' id='par_1_3' title="bbox 77 4011 1194 4165">
     <span class='ocr_line' id='line_1_36' title="bbox 77 4011 1194 4101; baseline 0.004 -23"><span class='ocrx_word' id='word_1_314' title='bbox 77 4016 131 4080; x_wconf 88' lang='lat' dir='ltr'><strong>tins</strong></span> <span class='ocrx_word' id='word_1_315' title='bbox 141 4011 256 4082; x_wconf 89' lang='lat' dir='ltr'><strong>desinit</strong></span> <span class='ocrx_word' id='word_1_316' title='bbox 269 4013 464 4100; x_wconf 82' lang='lat' dir='ltr'><strong>alio),velut</strong></span> <span class='ocrx_word' id='word_1_317' title='bbox 477 4014 691 4101; x_wconf 88' lang='lat' dir='ltr'><strong>Florentinus,</strong></span> <span class='ocrx_word' id='word_1_318' title='bbox 708 4015 873 4101; x_wconf 88' lang='lat' dir='ltr'><strong>Budensis,</strong></span> <span class='ocrx_word' id='word_1_319' title='bbox 891 4015 1048 4096; x_wconf 77' lang='lat' dir='ltr'><strong>Vaticani,</strong></span> <span class='ocrx_word' id='word_1_320' title='bbox 1062 4032 1111 4078; x_wconf 63' lang='lat' dir='ltr'><strong>een</strong></span> <span class='ocrx_word' id='word_1_321' title='bbox 1186 4059 1194 4082; x_wconf 84' lang='lat'><strong>.</strong></span> 
     </span>
     <span class='ocr_line' id='line_1_37' title="bbox 911 4117 935 4165; baseline 0 0"><span class='ocrx_word' id='word_1_322' title='bbox 911 4117 935 4165; x_wconf 70' lang='lat' dir='ltr'><strong>b.</strong></span> 
     </span>
    </p>
   </div>
   <div class='ocr_carea' id='block_1_4' title="bbox 0 0 1369 4824">
    <p class='ocr_par' dir='ltr' id='par_1_4' title="bbox 0 0 1369 4824">
     <span class='ocr_line' id='line_1_38' title="bbox 0 0 1369 4824; baseline 0 0"><span class='ocrx_word' id='word_1_323' title='bbox 0 0 1369 4824; x_wconf 95' lang='lat' dir='ltr'><strong> </strong></span> 
     </span>
    </p>
   </div>
  </div>
 </body>
</html>
