2692 4824
253 345 369 437 xxxviij
445 416 448 421 ,
616 344 885 414 .··ERNESTI

211 558 214 563 Ι
255 466 381 550 berem,
402 466 653 556 reperiri.'Unde
670 467 799 557 planum
811 484 877 552 est,
897 491 968 534 enm
988 466 1021 532 in
1035 466 1180 533 manibus
1194 482 1288 560 atqua

255 594 319 661 pra
329 570 429 637 oculis
439 570 585 636 habuisse
599 571 765 639 editionem
776 570 913 664 almuam
927 569 1158 657 ignobiliorem,
1178 574 1212 638 in
1224 596 1291 665 qua
1303 618 1310 655 ,
1322 632 1332 653 ,.

249 692 381 765 ‚peccata
394 666 536 741 secuhdae
549 675 650 740 Rhen.
664 693 753 743 ancta
766 677 853 741 noris
866 691 981 759 essent,
996 697 1067 766 quae
1086 673 1139 740 ille
1149 700 1207 765 pro
1217 676 1293 745 vnl-
1312 662 1336 763 ,ἰ

238 779 538 865 -.gatis'lectionibus
551 780 694 866 baberet,
709 783 747 847 de
761 805 845 847 more
858 779 975 847 scilicet
990 777 1126 865 vulgari,
1144 796 1211 870 quo
1223 802 1292 847 eam

207 878 210 883 ¹
248 885 389 975 quisque
404 882 559 969 vulgatam
572 871 683 974 putat,
697 909 792 977 quam
812 878 920 950 inauo
938 881 1077 972 exemplo
1093 884 1226 949 invenit.
1245 884 1292 950 Ea

255 1011 327 1079 quae
343 989 401 1072 sit,
422 989 562 1056 nondum
580 989 669 1078 potui
681 988 826 1079 reperires
842 988 925 1054 Loca
942 988 1069 1079 quidem
1084 986 1151 1075 ipsa
1167 989 1291 1073 notavi,
1308 1018 1311 1023 ·

257 1116 390 1184 quornm
403 1094 519 1159 indicio
533 1092 586 1157 alii
599 1109 747 1182 poterunt
758 1114 824 1159 rem
837 1092 1080 1183 deprehendere,
1098 1091 1196 1181 siqui
1213 1092 1295 1159 forte

249 1195 343 1263 {iltius
358 1197 456 1286 ipsius
469 1198 614 1264 editionis
628 1197 805 1288 exemplum
823 1196 956 1263 habeant
970 1213 1000 1263 et
1011 1198 1168 1265 attendere
1181 1194 1292 1262 velint.

258 1299 390 1365 Gratum
403 1300 483 1367 mihi
494 1303 622 1393 quidem
635 1304 760 1387 fecerit,
776 1304 907 1395 quirem
919 1302 1142 1392 deprehensam
1154 1301 1236 1367 mihi
1247 1302 1295 1366 in-

258 1404 381 1469 dicarit.
402 1402 487 1471 Illud
503 1406 594 1471 etiam
607 1409 645 1472 de
663 1406 745 1472 notis
763 1406 867 1496 Lipsii
886 1407 1004 1472 criticis
1022 1428 1146 1473 monere
1161 1409 1295 1471 attinet:

227 1504 231 1511 ⁴
258 1507 425 1572 Pichenam
435 1524 465 1574 et
478 1508 552 1574 alios
565 1510 720 1575 interdum
731 1534 964 1576 commemorare
973 1508 1075 1600 Lipsii
1083 1514 1296 1599 conjecturas,

259 1633 329 1701 quae
346 1611 380 1675 in
400 1612 481 1676 notis
499 1636 561 1677 non
574 1618 780 1701 reperiuntur.
794 1612 852 1677 Ere
867 1629 970 1678 autem
985 1606 1158 1705 quaerandae
1171 1626 1247 1676 sunt
1261 1614 1295 1677 in

257 1718 395 1800 margine
409 1715 617 1804 exemplorum
628 1717 857 1806 Lipsianorum.
869 1718 950 1783 Vide
963 1741 989 1783 e.
1000 1742 1029 1803 g.
1046 1718 1084 1783 ad
1095 1716 1137 1784 A.
1149 1714 1227 1799 XV,
1238 1710 1293 1780 33}

257 1817 407 1885 Ceterum
420 1818 620 1909 itapraeelare
639 1805 796 1886 dcd'acito
815 1824 944 1887 meritus
960 1838 1006 1887 cst
1019 1821 1165 1910 LipsinS,
1180 1835 1217 1884 ut
1233 1842 1297 1907 mo

180 1926 183 1931 '
253 1922 320 1987 -rito
333 1927 505 2009 sospitator
523 1927 629 1991 Taciti
640 1925 771 2009 dicatur,
787 1929 921 2017 ejusque·
929 1924 1165 1991 commentarius
1183 1923 1218 1988 in
1232 1922 1298 1987 Ta·

262 2029 359 2092 citum
373 2045 456 2093 recte
471 2018 491 2092 a
500 2027 693 2114 Burmanno,
707 2026 749 2102 τῷ
761 2030 855 2111 πάνυ,
872 2028 1015 2094 omnibus
1036 2027 1147 2093 ceteris
1167 2030 1238 2117 ejus
1254 2024 1296 2091 li-

257 2130 344 2214 bris,
355 2137 496 2221 quamvis
507 2132 610 2216 bonis,
622 2134 812 2221 praeferatur,
826 2134 858 2199 in
870 2131 958 2222 praes.
970 2135 1008 2198 ad
1019 2132 1136 2196 librum
1147 2130 1191 2195 dc
1204 2128 1300 2197 Vec-

257 2237 412 2323 tigalibns
430 2259 505 2321 pop.
531 2261 609 2303 rom.
634 2237 799 2305 Fabricius
822 2240 855 2303 in
878 2239 1028 2305 Biblioth.
1050 2242 1110 2303 lot.
1125 2289 1133 2321 ,
1151 2232 1296 2320 ·vol.''ll‚

260 2362 295 2426 p.
308 2337 386 2426 754,
401 2340 512 2421 tradit,
527 2342 560 2403 in
572 2337 761 2407 bibliotheca
774 2357 896 2407 senatus
908 2340 1079 2429 Lipsiensis
1086 2336 1299 2413 esserodicam

155 2478 158 2483 ·
261 2441 366 2529 Taciti
380 2443 451 2528 (ed.
464 2442 569 2531 Lipsii
585 2467 612 2508 a.
632 2443 737 2526 1585)
751 2467 823 2510 cum
834 2438 1086 2528 commentariis,
1108 2443 1175 2531 ipsa
1193 2440 1300 2531 Lipsii

261 2568 374 2627 manu,
395 2546 507 2610 deinde
527 2546 610 2609 aFr.
624 2544 839 2630 Hotomann0‚
864 2547 1009 2636 Scipione
1030 2545 1175 2627 Gentili,
1196 2543 1300 2611 Mich.

262 2648 419 2731 Piccarto‚
444 2647 612 2712 emendatis
634 2653 806 2739 auctisque.
827 2649 959 2739 Decepit
974 2652 1077 2713 virum
1097 2634 1298 2736 praeclarum}

263 2753 320 2842 qui
335 2756 363 2817 ei
375 2751 438 2828 hoc¹
448 2755 611 2839 persuasit.
632 2751 669 2815 In
690 2751 782 2817 titulo
803 2751 874 2818 libri
899 2768 944 2817 est
963 2775 1072 2816 manns
1094 2750 1217 2839 Lipsii,
1239 2752 1301 2817 do·

263 2859 365 2921 nantis
373 2856 412 2921 id
429 2854 602 2945 exemplum
617 2855 744 2942 Hngoni
759 2855 905 2941 Donabo,
920 2860 1066 2945 nuspiam
1081 2852 1168 2920 alibi.
1182 2852 1300 2920 Genti-

264 2956 303 3024 lis
315 2958 483 3025 versiculos
498 2961 647 3050 quosdam
661 2962 694 3024 in
707 2961 808 3050 capite
818 2943 941 3050 scripsit
955 2960 994 3025 ad
1008 2958 1195 3025 Scherbium
1203 3010 1212 3042 ‚
1227 2981 1302 3025 cum

262 3063 345 3128 dono
359 3087 431 3128 eum
446 3062 594 3129 Scherbio
608 3062 723 3129 librum
738 3066 834 3131 daret.
854 3064 883 3129 A
906 3064 1047 3130 Piccarto
1062 3067 1103 3128 in
1123 3060 1225 3151 capite
1244 3061 1304 3128 ali·

265 3183 342 3258 quot
357 3166 439 3233 soliis
452 3167 567 3255 scripta
580 3181 626 3232 est
639 3165 854 3253 chronologia,
871 3166 937 3232 sive
954 3165 1135 3254 supputatio
1148 3186 1303 3247 annorum

265 3275 300 3334 in
320 3270 555 3353 Tacitilibros,
576 3284 608 3337 ct
625 3285 752 3335 stemma
774 3269 899 3335 familiar
919 3270 1073 3355 Augustae
1091 3266 1303 3355 Lipsianum,

265 3374 350 3463 quod
364 3389 431 3437 tum
446 3374 585 3438 nondum
597 3374 755 3463 adjectum
770 3373 909 3462 aLipsio
926 3389 991 3438 erat
1010 3398 1017 3434 t
1032 3370 1072 3436 ab
1090 3371 1199 3437 eodem
1214 3376 1304 3461 capi·

266 3490 336 3540 tum
346 3492 377 3542 et
392 3476 563 3543 sectionum
574 3478 729 3543 minorum
742 3476 861 3542 numeri
875 3477 908 3542 in
925 3470 1232 3564 margine‘adscripti.
1251 3476 1306 3541 In-

198 3661 202 3675 !
266 3580 389 3645 terdnm
403 3595 452 3663 et,
470 3582 524 3646 sed
540 3603 604 3645 non
617 3580 725 3646 eadem
735 3603 847 3664 manu,
863 3579 931 3645 loca
943 3577 1087 3668 parallelo
1100 3572 1220 3643 et'tibri
1233 3576 1304 3643 lau·

267 3683 349 3767 dati,
360 3689 393 3746 in
400 3683 516 3774 quibus
527 3684 567 3748 de
579 3682 766 3774 quibusdam
774 3681 933 3748 sententiis
941 3682 1111 3760 moralibus
1118 3679 1306 3746 collectanea

267 3802 379 3852 essent.
389 3785 513 3852 Scholia
522 3786 617 3853 etiam
626 3786 659 3851 in
668 3785 844 3871 Agricolam
857 3786 1020 3876 adscripta.
1032 3785 1152 3850 Abhoc
1164 3799 1306 3874 tempore

268 3888 360 3957 lectio
372 3891 495 3977 vulgata
508 3915 572 3957 esse
586 3892 678 3978 coepit
692 3889 756 3956 sola
766 3891 923 3979 Lipsiana.

312 3994 393 4063 Cum
407 3996 536 4086 Lipsius
548 4000 609 4086 jam
623 3994 787 4087 aliquoties
798 3993 1049 4062 edidissetTaciti
1060 3992 1181 4061 librosa
1190 4014 1224 4060 se
1232 4014 1309 4059 cor-t
