2692 4824
85 391 87 394 ,
145 330 217 400 niv
540 326 780 397 enunsrr
852 282 855 287 ¹

140 452 180 516 in
193 446 288 515 verbo
300 450 440 535 pretinm
448 497 460 528 ,
474 464 511 513 ut
529 473 547 513 a
562 447 711 514 Vaticano
726 451 904 535 dissentiat,
921 452 954 516 in
969 475 1033 544 quo
1048 467 1096 520 est
1110 452 1184 520 Ite-

147 551 471 644 tiam.·por1·oc.13,
493 556 525 616 in
546 552 744 638 glossemate,
764 578 791 619 c.
813 577 875 638 ao,
897 571 971 640 etc,
994 560 1185 648 omninoque

144 658 290 747 pluribus
304 663 337 724 in
350 657 443 741 locis,
460 656 516 722 ubi
529 655 619 746 plane
633 660 784 747 discrepat
799 658 996 743 aVaticano,
1011 676 1043 726 et
1055 659 1184 751 quidem

146 765 181 825 in
191 758 376 855 lectionibus
386 758 576 826 notabilibus
593 759 700 827 :velut
711 760 754 825 H.
768 761 837 845 Ill,
854 785 884 850 7,
899 761 955 827 ubi
971 763 1004 826 in
1018 763 1122 828 Vatic.
1139 778 1186 829 est

148 867 333 944 adductius,
346 888 418 931 enm
432 868 463 929 in
477 865 527 930 ed.
545 863 696 954 Spirensis
708 869 748 931 sit
757 866 921 931 audacius.
937 867 1085 951 Accedit,
1097 868 1184 958 quod

147 961 277 1060 Lipsius
291 972 405 1036 centies
417 967 563 1036 lectiones
576 970 719 1035 editionis
734 970 883 1036 Romanae
897 969 1021 1055 laudat,
1038 971 1096 1036 ubi
1115 969 1186 1037 silet

137 1073 187 1138 de
202 1074 373 1157 Vaticano,
398 1087 429 1137 et
448 1089 555 1138 contra
574 1076 612 1139 iis
633 1070 728 1158 loeis,
750 1073 805 1139 ubi
822 1073 990 1159 singulares
1003 1073 1186 1140 lectionese

147 1177 299 1243 Vaticano
310 1175 427 1266 profert
436 1229 445 1260 ,
456 1174 575 1241 nullam
583 1177 883 1243 editionisRomanae
892 1182 1081 1244 mentionem
1092 1178 1184 1263 facit,

149 1285 207 1346 etsi
226 1283 348 1346 easdem
361 1278 506 1346 lectiones
518 1280 612 1345 habet
628 1307 635 1343 ε
649 1283 754 1372 quod,
768 1305 831 1346 non
846 1281 995 1347 credibile
1008 1297 1055 1347 est
1063 1333 1071 1366 ,
1087 1282 1186 1347 iaetu-

149 1376 220 1449 rum
233 1385 348 1469 inisse,
364 1386 424 1449 nisi
438 1408 510 1449 eum
524 1400 665 1474 excerpta
678 1401 799 1451 tantum
816 1410 853 1451 ex
873 1402 1008 1477 utroque
1026 1384 1108 1451 libro
1127 1385 1185 1452 ha-

150 1486 255 1553 buisse
269 1488 427 1569 dieamus,
441 1503 472 1552 et
486 1492 524 1553 iis
539 1487 615 1553 locis
630 1487 711 1553 nihil
725 1513 742 1553 e
757 1489 904 1555 Vaticano
918 1505 1060 1554 notatum
1074 1489 1184 1555 fuisse.

151 1591 198 1656 Ac
214 1592 252 1657 de
264 1592 399 1657 editione
410 1591 566 1675 Romana,
582 1589 672 1656 facile
683 1594 804 1657 credam
817 1596 861 1657 ita
872 1617 952 1677 esse,
970 1593 1118 1658 inductus
1131 1596 1186 1680 iis,

104 1758 108 1767 ,
151 1720 222 1788 quae
236 1713 306 1786 post
318 1696 439 1778 dicam,
454 1694 511 1760 ubi
531 1696 569 1759 de
590 1680 779 1760 editionibus
799 1696 960 1786 Lipsianis
981 1719 1078 1761 sermo
1099 1700 1189 1764 iusti-

151 1817 257 1867 tuetur
271 1826 279 1868 :
298 1823 360 1865 non
373 1801 412 1865 de
424 1801 529 1865 codiee
544 1798 711 1891 Vaticano,
728 1823 822 1891 quem
835 1801 874 1865 ab
887 1804 954 1888 ipso
968 1803 1145 1887 inspectum
1158 1817 1189 1867 et

151 1927 224 1970 cum
240 1905 331 1970 editis
346 1900 492 1968 collatum
504 1924 568 1968 esse
581 1916 666 1990 patet
678 1926 716 1968 ex
730 1903 850 1969 Mureti
868 1903 940 1969 Var.
955 1900 1042 1968 Lect.
1060 1901 1130 1987 XI,
1156 1929 1187 1970 1.

152 2009 286 2093 Paucis,
302 2009 387 2099 quod
403 2011 517 2090 sentio,
534 2006 647 2071 dicam.
663 2004 752 2091 ¹,Cum
765 2012 798 2071 in
813 2006 1002 2097 quibusdam
1015 2030 1088 2072 cum
1102 2006 1191 2073 Vati·

154 2137 247 2195 cano,
264 2116 301 2183 ,in
321 2109 509 2202 quibusdam
528 2133 601 2174 cum
621 2107 798 2174 Florentino
817 2114 1002 2193 consentiat,
1019 2113 1052 2175 in
1067 2108 1136 2176 aliis
1151 2111 1191 2175 ab

154 2230 288 2307 utroque
302 2215 481 2296 dissentiat,
495 2212 669 2305 habeatque
686 2216 828 2304 quaedam
850 2214 929 2279 bona
948 2218 1091 2303 propria,
1115 2231 1153 2280 ut
1174 2239 1192 2281 e

153 2322 251 2402 notis,
265 2322 396 2382 maxime
409 2321 539 2401 nostris,
555 2317 734 2409 apparebit,
749 2343 805 2384 nec
820 2334 924 2384 tamen
937 2317 1087 2385 credibile
1102 2323 1162 2404 sit,
1174 2343 1192 2386 e

154 2418 298 2509 pluribus
320 2419 481 2487 codicibus
503 2425 583 2503 inter
605 2447 638 2487 se
661 2421 784 2491 collatis,
800 2425 919 2488 editum
939 2421 1054 2489 librum
1073 2427 1191 2509 istum,

155 2527 241 2615 qnod
257 2531 289 2590 in
304 2530 369 2591 istis
383 2525 557 2613 primordiis
572 2530 646 2591 artis
664 2527 896 2617 typographicae
913 2529 967 2591 vix
988 2525 1106 2591 sactum
1127 2543 1192 2613 est,

156 2631 211 2694 sed
233 2654 270 2695 ex
290 2644 361 2693 nno
378 2651 477 2718 eoque
497 2632 624 2718 antiquo
643 2644 745 2698 textus
764 2629 848 2698 illius
870 2644 1014 2716 sumptus
1036 2628 1192 2715 videaur,

129 2749 132 2753 ’
157 2738 248 2821 cujus
275 2731 488 2821 apographum
510 2749 666 2820 acceperat
683 2733 835 2822 Spirensis
857 2759 864 2795 :
885 2733 1010 2797 videtur
1037 2735 1193 2821 ignorari,

155 2837 240 2900 unde
258 2833 311 2899 illa
332 2835 427 2900 editio
448 2833 573 2899 fluxerit
585 2856 595 2915 3
616 2838 677 2901 nisi
690 2837 770 2903 forte
783 2861 820 2903 ex
834 2835 888 2903 illo
902 2841 970 2925 ipso
986 2838 1114 2927 antiqno
1128 2838 1195 2904 Ve-

157 2956 229 3005 neto
249 2941 343 3004 ducta
365 2954 431 3022 est,
453 2961 546 3029 quem
569 2962 661 3028 supra
683 2942 819 3007 diximus
836 2964 855 3004 a
875 2939 1015 3007 Victorio
1037 2936 1159 3007 laudari
1176 2967 1195 3008 e

156 3042 343 3109 bibliotheca
358 3043 400 3107 D.
416 3041 533 3126 Marci,
548 3042 643 3108 hodie
657 3059 762 3108 autem
773 3048 807 3108 in
823 3067 859 3107 ea
871 3067 935 3109 non
948 3046 1087 3132 reperiri.
1100 3044 1196 3112 Adde

157 3149 240 3214 dieta
258 3150 297 3213 ad
314 3148 398 3212 Ann.
413 3145 505 3229 XIV,
530 3169 579 3212 12.
599 3146 765 3231 Ceterum,
787 3163 824 3212 ut
838 3146 912 3212 libri
932 3146 1030 3236 hujus
1043 3150 1196 3215 rarissimi

159 3261 234 3316 ratio
252 3268 281 3317 et
293 3249 410 3316 indoles
425 3248 548 3339 planius
562 3250 753 3336 intelligatur
770 3278 777 3314 :
792 3251 896 3317 charta
907 3268 953 3317 est
963 3249 1196 3340 pulcherrima,

147 3353 253 3420 ,literae
266 3353 451 3439 luculentae,
464 3359 613 3440 margines
626 3354 700 3440 lati,
718 3372 755 3422 ut
769 3354 964 3447 splendorem
974 3352 1198 3444 pulcherrima-

154 3481 228 3521 rum
245 3473 355 3524 nostrae
372 3461 472 3523 aetatis.
485 3459 660 3524 editionum
676 3460 725 3524 vel
745 3476 864 3550 aequet,
878 3457 928 3523 vel
946 3475 1071 3546 superet
1087 3485 1094 3520 :
1111 3475 1198 3526 totus

158 3576 319 3626 contextus
334 3562 502 3651 ejusmodi,
521 3578 557 3626 ut
569 3578 731 3651 appareat,
748 3587 820 3629 cum
836 3561 980 3630 omnibus
996 3561 1198 3631 librariorum

155 3669 290 3754 peccatis
301 3666 433 3730 duc-tum
443 3687 506 3731 esse
520 3689 536 3730 e
551 3665 630 3731 libro
644 3672 760 3756 scripto
774 3694 780 3729 :
796 3691 891 3757 eaque
903 3665 941 3731 de
954 3689 1061 3731 caussa
1079 3667 1199 3735 codicis

157 3772 265 3858 scripti
281 3773 494 3834 auctoritatem
508 3769 646 3836 obtinere
668 3794 769 3861 posse.
792 3771 960 3835 Nominum
980 3770 1198 3857 Persicorum,

158 3871 412 3956 Armenicorum,
428 3875 472 3938 ita
486 3888 523 3938 ut
537 3872 754 3958 Florentinus,
769 3877 802 3939 in
815 3878 989 3940 accusativo
1005 3897 1124 3963 semper
1135 3892 1202 3942 ter·

158 3962 354 4047 minationem
371 3975 445 4043 lacit
459 4001 498 4042 en
517 4004 526 4040 :
541 3975 743 4070 plerumque,
757 3978 815 4046 ubi
829 3977 882 4044 alii
898 4003 954 4047 uec
968 3979 1115 4067 quidem,
1130 3983 1201 4070 ipsa
