2692 4824
418 427 429 436 ,
515 292 814 417 PRAEFATIO.
1144 368 1186 422 rt

142 472 231 557 buit,
241 486 280 538 ut
295 469 411 537 enotis
427 468 496 558 eius
508 486 652 560 apparet,
663 470 776 537 vider.
789 495 817 556 c.
826 470 866 537 ad
876 470 916 538 A.
928 468 1022 557 XIV,
1035 473 1097 556 60,
1110 489 1187 545 extr.

111 613 115 617 -
143 577 225 645 Eum
238 575 381 644 codicem
394 597 469 641 cum
483 573 630 641 babuerit
643 572 804 667 Rycbius,
814 599 912 666 eoque
928 599 1002 647 usus
1017 579 1057 645 sit
1067 579 1106 647 ad
1122 602 1190 645 cor·

143 683 306 771 rigandum
319 676 468 761 Tacitum
478 730 486 764 ,
496 678 675 745 mirandum
681 696 744 764 est,
753 702 825 749 eum
835 679 916 747 nibil
927 682 966 748 de
975 698 1080 767 aetate,
1093 684 1190 773 scrip-

145 805 209 856 tura
232 786 372 870 codicis,
392 783 526 876 aliisque
548 784 732 870 tradidisse,
746 808 818 877 quae
841 785 917 853 scire
931 787 1060 876 cupiant
1075 788 1189 877 periti,

144 909 233 985 atque
245 893 341 958 etiam
350 889 499 972 debeant,
515 888 542 953 si
553 889 592 954 de
603 889 719 955 codicis
731 890 916 956 auctoritate
931 891 1069 980 judicare
1083 891 1191 958 velintt

144 998 206 1065 Jac.
220 995 406 1064 Gronorius
420 1017 495 1061 sum
507 995 755 1062 recentissimum
769 1010 800 1060 et
810 996 888 1060 mire
899 994 1120 1084 interpolatum
1136 1001 1190 1086 ju*

144 1105 225 1170 dicat
241 1103 284 1168 ad
297 1100 382 1166 Anu.
397 1099 467 1185 Xl,
490 1103 552 1181 183
574 1099 650 1184 XV,
668 1098 720 1166 53.
736 1100 785 1166 De
799 1098 1038 1189 interpolatione
1052 1123 1115 1165 non
1129 1101 1191 1165 du-

143 1207 251 1275 bitem.
268 1205 375 1271 Habet
386 1204 470 1270 enim
480 1204 573 1270 nimis
584 1203 682 1298 multa
690 1259 699 1289 ,
714 1226 785 1294 qute
799 1202 1068 1294 interpolationem
1079 1220 1109 1270 et
1123 1227 1192 1270 cor-

144 1312 271 1378 rectoris
287 1309 451 1396 ingenium
465 1308 605 1398 sapiant,
623 1324 660 1375 ut
674 1309 770 1374 variis
783 1307 861 1375 loeis
878 1323 909 1375 et
927 1308 988 1398 ipsi
1004 1309 1192 1377 notavimus.

144 1415 245 1501 Unde.
260 1414 403 1504 prolecto
419 1436 483 1478 non
505 1427 552 1478 est
574 1413 771 1499 negandum,
795 1408 955 1502 Ryeltium
977 1414 1006 1479 ei
1025 1413 1119 1479 nimis
1134 1414 1193 1479 tri·

143 1519 259 1587 buisse.
280 1517 428 1584 Ceterum
446 1514 695 1599 observavimus,
718 1538 789 1581 eum
802 1515 835 1580 iu
850 1515 1059 1582 Historiarum
1076 1516 1166 1583 libris
1179 1568 1188 1603 ,
1255 1540 1268 1559 ‘

144 1623 318 1714 praesertim
328 1620 570 1712 posterioribus,
581 1621 657 1686 mire
667 1619 841 1688 consentire
848 1643 920 1687 cum
930 1622 1066 1689 editione
1074 1623 1190 1713 prima,

144 1744 178 1795 ut
199 1741 286 1793 notae
303 1741 417 1793 nostrae
433 1727 473 1791 ad
487 1724 558 1792 illos
573 1725 671 1791 libros
684 1724 850 1791 docebunt.
875 1725 925 1791 Eo
946 1750 1022 1793 usus
1042 1744 1087 1794 est
1100 1728 1193 1795 etiam

146 1831 214 1897 Nic.
225 1829 393 1915 Heinsius,
406 1831 463 1922 qui
471 1836 539 1921 ejus
551 1829 698 1898 lectiones
710 1831 877 1921 saepissime
887 1832 986 1898 adfert
993 1854 1003 1914 3
1015 1855 1072 1899 nec
1084 1856 1194 1922 parum

146 1935 173 2000 ei
184 1934 311 2001 tribuit

176 2070 246 2124 llud.
263 2068 393 2141 'Agricola
405 2071 520 2143 autiquae
536 2065 623 2123 Taciti
638 2069 773 2133 editionis,
790 2088 847 2143 quae
864 2071 983 2143 princeps
998 2071 1194 2140 suisseridetur,

147 2154 257 2222 margini
267 2152 392 2205 lectiones
401 2170 433 2203 ex
443 2170 491 2203 suo
502 2149 591 2203 codice
602 2149 662 2203 MS.
672 2152 785 2222 itemque
795 2150 954 2221 conjecturas
965 2170 1021 2204 suas
1031 2151 1193 2223 adpiuxerat.

147 2233 177 2287 ld
187 2234 252 2288 libri
260 2234 408 2307 exemplum
417 2235 509 2287 Frauc.
520 2232 625 2287 Medius
639 2251 665 2287 se
678 2233 711 2286 ad
721 2234 836 2304 Lipsium
846 2234 942 2287 misisse
954 2247 1063 2289 testatur
1072 2235 1123 2306 Ep.
1137 2237 1193 2290 XV.

148 2315 295 2387 Norantiq.
313 2316 474 2368 Lectionum.
486 2315 554 2367 llem
567 2327 654 2367 narrat
663 2327 690 2365 et
704 2313 817 2383 llycltius
832 2313 864 2366 ad
883 2316 917 2371 A.
937 2313 992 2377 XV,
1008 2316 1048 2368 51.
1063 2316 1126 2369 Inde
1143 2335 1196 2371 nou
1269 2353 1272 2358 ,

149 2399 257 2461 mirum,
276 2397 298 2448 si
316 2397 419 2466 Lipsius
434 2394 595 2466 conjecturas
613 2395 742 2464 Agricolae
757 2396 872 2464 putarit,
886 2414 943 2466 quoe
959 2415 972 2447 c
988 2395 1196 2451 codicetuerana

149 2476 293 2549 desumpta.
305 2475 453 2548 Respicead
462 2480 497 2531 A.
509 2476 566 2540 XV,
576 2477 621 2542 53,
637 2476 684 2528 ubi
694 2477 761 2527 male
771 2478 921 2547 Agrlcolam
937 2476 1073 2530 subsannat
1085 2480 1196 2555 Lipsius.

190 2593 280 2660 Idem
301 2590 445 2683 Rycltius
462 2592 557 2663 etiem
577 2617 653 2660 usus
668 2610 714 2660 est
729 2595 845 2661 codicis
858 2594 1053 2660 Parisiensis
1067 2618 1196 2685 excerp·

150 2698 206 2783 tis,
221 2722 241 2762 a
253 2696 374 2779 Melcb.
389 2697 582 2765 Tbeveuotio
594 2700 728 2790 acceptis
747 2726 753 2761 ε
770 2722 863 2791 quem
877 2697 930 2764 ille
944 2702 1069 2790 regium
1082 2716 1195 2765 vocat:

151 2801 252 2870 sedin
264 2801 348 2866 notis
362 2823 430 2866 raro
444 2799 590 2867 lectiones
604 2807 673 2894 ejus
693 2818 918 2869 commemorat.
942 2805 1049 2896 Atque
1068 2803 1134 2893 ipse
1154 2805 1196 2873 de

152 2905 244 2971 eosic
261 2903 391 2990 statuit,
404 2920 497 2971 utne
511 2929 584 2971 cum
598 2929 655 2973 suo
671 2905 816 2997 quidem,
837 2908 953 2972 nedum
974 2931 1046 2973 cum
1065 2907 1195 2975 Floren-

152 3010 234 3095 tino,
250 3025 419 3100 comparet.
433 3008 541 3102 Hujus
553 3011 671 3078 codicis
684 3009 831 3080 lectiones
845 3017 908 3102 jam
922 3010 1088 3099 diligenter
1104 3030 1194 3080 nota·

152 3129 196 3180 tas
205 3114 359 3181 babemus
370 3114 409 3179 ab
420 3115 537 3182 editore
545 3115 698 3205 librorum
710 3117 814 3183 Taciti
827 3140 945 3207 nupero
954 3116 1094 3181 Broterio
1107 3118 1146 3182 V.
1158 3116 1195 3184 C.

153 3219 203 3309 qui
219 3242 293 3284 eum
307 3218 503 3284 chartaceum
518 3244 583 3286 esse
596 3220 709 3306 tradit,
725 3219 829 3289 etsub
844 3221 936 3285 finem
951 3218 1058 3286 saeculi
1073 3221 1195 3313 quinti-

154 3323 262 3390 decimi
272 3324 422 3415 scriptum
438 3350 445 3388 ε
461 3348 524 3415 quo
539 3341 678 3416 tempore
693 3348 765 3392 cum
780 3329 842 3416 jam
857 3324 935 3391 editi
946 3324 1051 3396 Taciti
1063 3322 1139 3390 libri
1151 3349 1197 3392 es·

155 3443 216 3491 sent
224 3427 366 3493 Venetiis
374 3444 404 3493 et
415 3427 604 3514 Mediolani,
616 3454 632 3496 e
643 3430 698 3495 tali
706 3426 846 3518 exemplo
858 3443 1002 3519 sumptus
1009 3452 1074 3495 esse
1082 3444 1197 3521 potest.

155 3527 236 3596 Illud
246 3554 349 3620 operae
360 3534 496 3622 pretium
508 3550 553 3600 est
565 3557 704 3617 monere,
715 3531 800 3603 huuc
813 3533 950 3598 codicem
961 3534 1112 3603 conlundi
1123 3557 1197 3599 cum

97 3644 99 3653 '
155 3633 287 3701 Budensi
302 3661 320 3700 a
335 3635 365 3701 J.
380 3622 542 3704 Gronovio
556 3640 594 3705 ad
616 3641 655 3706 A.
671 3640 710 3723 V,
734 3638 806 3723 ab,
831 3639 883 3702 cui
897 3638 1071 3704 confusioni
1092 3636 1197 3705 locum

156 3738 239 3804 dedit
257 3739 448 3827 Rbenauus,
472 3745 529 3835 qui
553 3744 729 3815 Budensem
751 3741 867 3809 librum
890 3743 1047 3809 interdum
1072 3746 1199 3834 regium

159 3860 253 3910 vocata

189 3961 304 4029 insudet
314 3966 465 4031 Parisinus,
477 3980 550 4019 antea
563 3967 608 4018 Du
617 3969 774 4023 maenianae
781 4008 792 4033 ,
801 3986 853 4021 uon
863 3965 994 4024 dissimilis
1004 3967 1108 4022 ridetur
1115 3965 1201 4019 codici

163 4037 313 4100 Vffl'n.
325 4048 397 4103 1863.
408 4046 457 4101 Est
466 4044 494 4102 εἰ
502 4049 639 4101 Paestum
648 4050 727 4115 alius,
739 4051 812 4120 isque
821 4048 849 4102 iu
859 4049 1006 4102 membrana
1016 4049 1144 4116 eleganter
1154 4045 1200 4100 secl
