2692 4824
151 380 155 389 ·
258 364 291 431 iv
659 359 901 428 ERNESTI

259 502 415 567 ceterum,
438 483 517 575 quid
541 481 669 548 Tacitus
693 482 850 572 scripserit
876 507 1002 576 quoque
1021 485 1107 573 loco,
1134 509 1204 581 quae
1226 511 1296 556 vera

259 614 369 656 manus
388 588 523 655 auctoris
538 604 636 671 esset,
660 587 707 653 vel
722 590 842 673 doceri,
858 590 908 655 vel
929 592 1069 681 judicare
1089 593 1149 682 ipsi
1172 591 1299 660 vellent.

200 693 205 701 ’
258 694 320 778 Et,
335 692 481 785 quoniam
500 691 583 779 prior
605 689 659 756 illa
679 690 800 757 consilii
822 716 893 782 pars
910 697 1075 783 procedere
1088 720 1300 787 saepenumero

258 822 321 865 non
336 814 451 886 potest,
473 797 534 862 uisi
552 797 591 861 de
607 818 678 859 vera
693 793 826 861 lectione
841 814 980 882 constet,
1002 800 1140 889 primum
1159 802 1299 868 omnium

257 902 317 969 hoc
331 903 399 987 egi,
414 918 469 985 ut,
484 899 582 966 veluti
596 901 722 965 materia
736 924 771 964 ac
788 898 865 965 silva
877 902 986 968 critica
997 922 1158 990 congesta,
1170 904 1220 970 vel
1235 906 1301 994 ipse

258 1028 345 1073 veras
359 1005 505 1072 lectiones
519 1028 675 1087 eruerem,
697 1003 745 1070 vel
762 1006 915 1071 acutiores
933 1010 972 1073 ad
987 1032 1094 1074 earum
1108 1011 1299 1095 indaganda-

258 1136 329 1178 rum
349 1109 526 1176 facultatem
542 1111 732 1200 adjuvarem.
756 1111 793 1174 ln
808 1134 872 1203 quo
887 1112 945 1178 etsi
964 1114 1111 1202 temporis
1126 1116 1299 1201 angustiae,

257 1219 291 1283 in
304 1241 380 1307 quas
395 1240 442 1282 me
459 1217 591 1280 rationes
605 1214 739 1280 libraria
753 1214 984 1302 concluserant,
999 1218 1116 1303 fecere,
1129 1235 1166 1283 ut
1175 1220 1298 1305 minus,

256 1345 350 1413 quam
366 1345 434 1410 spes
449 1336 546 1403 esset,
562 1336 616 1383 aut
630 1318 773 1386 voluntas
787 1320 898 1403 ferret,
916 1322 1036 1387 efficere
1048 1324 1204 1410 potuerim
1218 1346 1228 1405 3
1251 1314 1298 1390 ta-

256 1443 328 1490 men
341 1424 389 1489 vel
405 1425 448 1490 sic
460 1447 509 1487 me
524 1424 598 1488 satis
613 1423 734 1490 felicem
748 1423 836 1490 laetor
851 1426 946 1492 fuisse
964 1452 971 1489 :
987 1449 1057 1491 nam
1070 1429 1210 1515 profecto
1223 1444 1253 1495 et
1266 1430 1300 1495 iu

256 1527 316 1593 hoc
331 1552 439 1614 genere
455 1528 598 1618 quaedam
616 1527 748 1612 intelligi
763 1529 894 1596 felicitas
909 1546 1029 1619 potest,
1045 1532 1078 1596 in
1094 1549 1232 1621 tempore
1246 1534 1298 1598 of-

253 1634 355 1700 ferens
373 1633 523 1698 librorum
541 1633 680 1723 copiam,
698 1658 767 1725 quac
782 1635 851 1702 aliis
871 1636 955 1703 idem
970 1637 1136 1722 agentibus
1150 1637 1298 1704 defuerit.

250 1739 386 1806 Etenim
403 1739 443 1803 ab
461 1734 516 1804 illo
534 1738 639 1805 statim
653 1755 791 1828 tempore
805 1756 852 1806 tot
871 1757 974 1806 vetera
989 1740 1092 1807 Taciti
1108 1740 1298 1830 exemplaria

254 1842 340 1910 brevi
360 1860 498 1933 tempore
514 1858 623 1908 nactus
645 1866 731 1927 sum,
753 1861 830 1935 quot
845 1844 979 1928 nemini,
994 1846 1050 1936 qui
1065 1861 1135 1933 post
1149 1845 1298 1933 Lipsium

254 1950 297 2015 ad
311 1949 445 2013 edendos
457 1946 561 2013 Taciti
576 1945 671 2013 libros
686 1950 863 2034 accesserit,
884 1951 924 2015 ad
942 1973 1051 2015 manus
1072 1949 1168 2016 fuisse
1190 1950 1296 2015 sciam.

255 2052 321 2138 Ac,
337 2077 375 2117 ne
398 2052 513 2117 frustra
530 2074 573 2123 eae
596 2053 694 2140 copiae
714 2052 792 2117 mihi
815 2054 979 2138 contigisse
999 2054 1188 2135 viderentur,
1210 2052 1297 2118 hunc

253 2156 333 2223 mihi
342 2154 478 2219 laborem
489 2154 623 2240 sumpsi,
640 2171 676 2218 ut
686 2179 720 2220 ea
735 2155 899 2241 diligenter
913 2159 984 2221 cuin
996 2155 1136 2246 exemplo
1146 2180 1198 2243 eo,
1209 2159 1296 2249 quod

252 2258 358 2349 praelis
371 2256 598 2324 accommodare
611 2258 805 2343 cogitabam,
821 2260 1025 2343 conferendo,
1046 2260 1208 2327 varietates
1230 2260 1294 2328 lec·

250 2364 375 2429 tionum
388 2378 545 2442 notarem,
560 2377 590 2426 et
604 2367 758 2453 cujusque
773 2365 907 2449 origines
922 2366 1113 2450 indagarem,
1128 2365 1297 2432 efficerem·
1335 2434 1340 2449 ,

253 2491 316 2558 que
330 2464 437 2532 saltem
451 2465 530 2548 hoc,
553 2481 609 2546 ut,
629 2466 655 2529 si
673 2467 746 2557 quis
766 2484 836 2554 post
856 2491 906 2532 me
927 2467 1030 2533 moliri
1053 2467 1296 2557 splendidiorem
1325 2460 1340 2533 l

215 2572 220 2581 ’
252 2572 422 2639 editionem
436 2567 545 2653 vellet,
567 2568 671 2635 labore
684 2594 791 2636 corum
805 2571 956 2637 librorum
968 2572 1225 2637 conferendorum
1241 2598 1295 2639 su·
1323 2600 1340 2639 ··.

253 2676 414 2766 persedere
429 2689 549 2762 posset,
566 2673 700 2764 satisque
720 2674 865 2759 baberet,
886 2675 1045 2742 consulere
1065 2700 1135 2758 eos,
1157 2700 1294 2765 quorum

172 2842 174 2846 .
253 2777 385 2845 facultas
405 2775 490 2842 nulla
508 2776 585 2841 mibi
607 2776 725 2842 fuisset.
747 2777 830 2863 Quae
844 2802 891 2844 res
905 2779 983 2843 mihi
1003 2777 1111 2844 attulit
1129 2779 1188 2843 hoc
1211 2804 1297 2846 com·

254 2884 402 2966 modi,ut
413 2880 554 2946 lectionis
563 2880 755 2948 Corneliana
766 2889 986 2973 propejustam
995 2883 1295 2974 historiam,atque‘,
1318 2888 1337 2929 '¹

252 3003 292 3053 ut
301 2988 344 3053 ita
355 2986 456 3053 dicam
466 3038 474 3070 ,
486 2984 692 3071 genealogiam
703 3005 824 3053 nectere
833 3011 953 3077 possem
963 3040 971 3071 ,
983 3004 1016 3053 et
1025 2988 1164 3077 proferre
1175 2988 1294 3073 multa,

254 3114 388 3183 quorum
408 3089 458 3156 vel
481 3088 669 3174 negligentia
690 3089 739 3154 vel
759 3092 932 3175 ignorantia
948 3091 1060 3158 Tacito
1073 3106 1105 3157 et
1118 3091 1294 3157 editoribus

252 3202 323 3285 ejus
345 3195 514 3282 saepissisne
533 3193 695 3258 obfuisset.
720 3192 940 3283 Superioribus
961 3190 1100 3278 saeculis,
1122 3195 1178 3285 qui
1193 3195 1231 3258 ad
1248 3218 1296 3261 re-

253 3298 423 3365 censendos
431 3299 592 3387 scriptores
604 3315 721 3363 veteres
730 3299 931 3384 accedebant,
943 3300 1016 3367 satis
1027 3299 1198 3383 habebant,
1209 3300 1297 3364 codi-

169 3428 180 3451 ··
238 3395 241 3399 ’
256 3425 305 3469 ces
316 3404 445 3491 scriptos
459 3402 598 3467 et-editos
609 3400 768 3467 consulere
780 3403 813 3467 in
824 3401 899 3470 locis
910 3404 967 3485 iis,
983 3404 1039 3468 ubi
1049 3403 1203 3469 haererent
1215 3402 1293 3491 ipsi,

252 3523 286 3578 et
300 3505 494 3572 difficultatis
506 3503 627 3595 aliquid
642 3505 800 3596 objectum
815 3525 903 3575 esset.
920 3508 1030 3598 ltaque
1042 3523 1164 3571 tantum
1180 3506 1294 3571 lectio-

254 3633 308 3676 nes
322 3608 493 3693 librorum,
508 3610 546 3674 ad
560 3612 596 3673 ea
608 3606 675 3674 loca
688 3608 815 3675 fortasse
829 3612 1025 3699 profuturas,
1041 3610 1210 3699 petebant,
1229 3633 1294 3676 non

144 3738 148 3745 ·
253 3717 428 3782 universam
453 3715 593 3780 lectionis
619 3715 808 3783 varietatem.
835 3717 886 3782 Ea·
907 3741 939 3783 re
964 3718 1206 3799 commiserunt,
1229 3738 1294 3781 non

254 3819 347 3885 modo
360 3834 397 3884 ut
408 3819 504 3884 iidem
521 3816 592 3911 libri
616 3818 796 3885 consulendi
818 3837 917 3886 essent
939 3821 1008 3905 bis,
1028 3822 1082 3910 qui
1102 3835 1171 3910 post
1186 3841 1237 3887 eos
1251 3822 1294 3887 ad

254 3924 454 3990 recensendos
474 3923 596 3987 eosdem
618 3922 781 4013 scriptores
804 3926 1000 4010 accederent,
1025 3925 1151 4016 siquid
1175 3922 1293 3990 alicubi

255 4027 328 4093 ritii
341 4026 612 4114 subodorarentur,
634 4027 687 4095 sed
708 4024 806 4094 multa
819 4026 912 4095 etiam
926 4027 1042 4096 intacta
1056 4024 1118 4118 ipsi
1132 4024 1292 4119 relinque-
