2692 4824
166 338 223 433 xlij
442 404 445 408 ,
565 340 802 408 ERNESTI

167 459 365 525 emendatiorem
371 473 397 513 ot
406 460 496 513 critica
503 478 547 512 sua
551 461 711 534 aliorumrpro
721 480 798 532 opero
804 462 969 515 illustratum.
977 463 1113 534 Repatiits
1121 448 1204 518 morto

164 543 320 613 collegarum
335 543 444 594 Externa
461 541 615 606 editionem,
632 555 658 594 et
674 545 795 597 notitiam
811 544 949 596 morafiam
965 547 1038 616 operi
1046 548 1208 616 praemissam

168 626 253 695 aptius
261 639 287 678 et
295 623 432 678 dilucidius
440 624 589 693 dispositam
598 624 715 678 exhibuit
723 644 745 678 a.
760 626 828 696 17925.

160 827 162 831 ,
211 760 386 850 Antequam
399 759 481 825 hunc
495 757 598 826 locum
616 762 656 825 de
674 759 862 827 editionibus
880 756 1105 850 relinquimus,
1125 759 1207 826 libet
1244 798 1246 803 ·

140 915 143 920 .
166 884 288 928 monere
302 863 473 946 studiosos,
492 880 529 930 ut
543 865 679 951 discant,
693 888 764 956 quae
785 889 832 931 res
847 864 894 930 sit
902 888 954 948 ea,
976 884 1071 955 quam
1083 868 1204 954 vulga·

165 974 234 1031 tam
247 969 312 1032 sive
326 981 488 1054 receptam
503 972 669 1038 lectionem
682 971 804 1053 dicant,
820 993 913 1060 quam
927 984 991 1033 tam
1005 990 1086 1058 saepe
1100 969 1133 1037 iu
1152 992 1207 1035 ore

158 1067 299 1136 babeant
310 1071 446 1158 imperiti
459 1072 503 1138 rei
516 1073 649 1157 critioae,
664 1078 754 1164 cujus
767 1088 886 1157 tantam
896 1071 1098 1147 reverentiam
1109 1070 1207 1161 pleri·

166 1196 227 1263 que
248 1173 292 1238 ita
312 1176 523 1263 profiteantur,
544 1192 584 1253 ut
599 1176 801 1255 reverentiam
819 1199 889 1260 erga
901 1173 1034 1241 auctoris
1048 1179 1205 1266 cujusque

165 1273 260 1341 libros
273 1274 360 1341 nulla
373 1276 406 1341 in
417 1301 450 1342 re
462 1279 558 1364 magis
572 1294 705 1369 ponant,
719 1302 812 1370 qutun
823 1279 856 1342 in
869 1275 1204 1361 conservandis-eorum

166 1379 251 1449 vitiis
264 1379 423 1446 omnibus
435 1381 514 1447 Vere
531 1382 611 1449 dixit
621 1380 705 1475 ,qui
697 1383 864 1450 homines
884 1380 1065 1474 plerumque
1083 1381 1204 1452 nescire

165 1481 246 1563 dixit
254 1483 354 1574 ,quid
375 1483 434 1550 sibi
451 1481 565 1570 velint,
581 1507 652 1552 cum
671 1488 709 1552 de
725 1502 847 1576 recepta
865 1484 996 1550 lectione
1012 1482 1246 1591 vulgatoque

60 1575 63 1579 ’
164 1599 251 1650 textu
264 1585 442 1679 loquantur.
457 1537 643 1681 Pleruinque‘
656 1589 811 1675 vulgatam
824 1607 854 1654 et
869 1603 1022 1678 receptam
1036 1562 1246 1701 lectionariff,
1224 1604 1246 1651 :g

163 1687 302 1757 homines
317 1690 512 1778 intelligunt,
526 1717 620 1786 quam
633 1694 666 1760 in
679 1718 734 1760 suo
746 1693 825 1758 libro
835 1691 968 1776 habent
983 1691 1042 1757 hoc
1058 1708 1104 1757 est
1119 1713 1204 1783 saepo
1221 1704 1245 1723 ¹

165 1799 375 1914 conjecturam
391 1797 425 1863 in
447 1814 566 1864 textum
584 1797 701 1866 illatam
711 1795 825 1890 ,quod
848 1796 1015 1863 sexcenties
1035 1795 1066 1860 in
1088 1794 1202 1862 Tacito

164 1898 294 2001 lactum,
309 1916 422 1966 vitrum
433 1924 612 1990 operarum
627 1918 845 1968 correctionem
857 1922 982 1988 pravam
995 1864 1214 1986 malecuriosi

163 1968 342 2069 corneoloris
357 2004 559 2093 speciminum
574 1990 877 2093 typographicormum
894 2001 1020 2092 Itaque,
1035 2001 1119 2091 quod
1137 2000 1200 2065 mi-

162 2128 248 2190 rere,
264 2105 343 2172 alius
354 2103 445 2172 aliam
459 2105 615 2196 vulgatam
627 2105 791 2172 lectionem
804 2121 835 2171 et
848 2119 1001 2193 receptam
1017 2102 1121 2167 habet
1144 2102 1199 2167 In-

150 2207 316 2297 ,telligitur
329 2234 376 2276 res
390 2208 568 2300 planissime
582 2210 685 2291 Taciti
698 2207 847 2301 exemplo.
863 2207 1031 2272 Rhenanus
1040 2186 1208 2290 vulgatam’

162 2310 343 2398 lectionem,
359 2329 395 2380 ut
409 2313 561 2398 vidimus,
582 2313 791 2399 intelligebat,
811 2311 963 2405 quioquid
984 2324 1062 2375 esset
1080 2308 1113 2372 in
1128 2309 1199 2374 edi-

161 2415 246 2481 tione
259 2416 425 2484 Basileensi
440 2416 541 2502 1519,
554 2416 622 2482 sive
632 2432 730 2500 recte,
742 2417 805 2483 sive
815 2432 909 2506 prave
919 2435 1110 2503 expressum.-
1121 2411 1199 2479 Post

167 2541 238 2583 eum
249 2509 461 2607 intelligebant
469 2521 529 2587 hoc
537 2521 670 2605 nomine,
680 2517 836 2612 quidquid
846 2520 877 2584 in
889 2517 1024 2587 editione
1033 2510 1200 2580 Rasileensi

71 2662 73 2666 ,
162 2620 306 2688 Rhenaui
323 2639 420 2706 esset,
440 2623 547 2689 autin
567 2622 625 2705 iis,
647 2645 717 2713 quae
739 2646 776 2688 ex
793 2619 1051 2704 hac‘fluxissen13
1070 2616 1201 2717 Lipsius

161 2722 326 2791 lectionem
339 2724 532 2813 ignobilioris
545 2741 576 2791 et
590 2724 727 2791 obscurae
741 2723 905 2815 editionis,
922 2745 1015 2814 quam
1028 2720 1132 2811 praelis
1145 2739 1200 2813 ty-

160 2829 360 2919 pographicis
381 2828 647 2912 accommodabat,
669 2826 717 2894 vel
736 2829 867 2894 maxime
885 2831 954 2916 ejus
973 2821 1100 2893 mendas
1108 2834 1120 2907 '3
1144 2826 1207 2891 Pi-¹

159 2930 791 3026 oheuaomnemqualemcunqueLipsmnae
799 2928 1048 2997 ed1t10n1s1585
1039 2926 1202 3019 ,Ryclriut

160 3034 574 3120 editionistronovianae,
551 3060 613 3102 sive
624 3035 878 3101 Beineccenanae
892 3034 974 3120 Quae
985 3057 1058 3118 ergo
1069 3049 1114 3100 est
1124 3056 1202 3101 vero
1212 3094 1246 3143 ·‘.

159 3137 285 3223 vulgata
298 3156 329 3205 et
343 3155 464 3229 recepta
477 3139 580 3205 Taciti
594 3138 704 3205 lectio?
717 3138 796 3205 Prof
793 3155 860 3205 ecto
875 3162 956 3228 saepe
971 3134 1246 3205 animadverti-it
1186 3152 1246 3223 ,l

160 3240 294 3327 vulgatae
312 3242 453 3309 lectionis
473 3265 583 3309 nomeu
598 3234 679 3308 nihil
698 3266 761 3310 esse
770 3242 878 3328 ,nisi,
897 3243 983 3333 quod
1003 3241 1042 3306 de
1059 3240 1226 3325 Portum,

161 3342 242 3410 dixit
253 3361 340 3411 vetus
351 3345 504 3438 aliquiss
491 3343 614 3428 cyrolae
627 3343 763 3431 tidem,
775 3346 955 3438 perfugium
965 3361 1046 3411 certe
1056 3334 1235 3445 inscitius-..r¹

159 3445 233 3512 Non
246 3448 417 3515 videndum
430 3467 476 3519 est
490 3451 522 3517 in
535 3452 738 3569 scriptoribus
750 3451 907 3544 antiquis,
918 3462 989 3543 quae
1003 3446 1130 3534 vulgata
1139 3447 1203 3517 leo-
1218 3492 1222 3501 ·
1235 3450 1244 3542 Ἰ

161 3548 206 3627 tio
226 3551 267 3616 sit
284 3559 378 3636 (suot
391 3555 473 3620 enim
491 3578 573 3644 saepe
591 3555 624 3621 in
643 3578 706 3623 uno
725 3554 792 3623 loco
809 3554 911 3644 plures
933 3551 1087 3637 vulgatae3
1105 3566 1204 3644 atque

161 3651 253 3718 etiam
266 3656 575 3744 mendaevulgantur,
589 3675 626 3726 ut
642 3660 755 3726 centies
773 3660 806 3725 in
824 3658 906 3724 notis
922 3658 961 3723 ad
977 3655 1124 3722 Tacitum
1141 3657 1202 3723 do-

96 3811 98 3813 >
156 3756 213 3822 'oui
225 3761 253 3842 ),
276 3761 328 3825 sed
341 3783 411 3852 quae
424 3761 505 3829 bona
519 3762 578 3847 sit,
591 3787 608 3828 e
622 3762 710 3829 bouis
723 3761 811 3829 libris
829 3778 859 3828 et
876 3761 1019 3829 correctis
1032 3760 1148 3844 ducta,
1170 3777 1203 3826 et

164 3858 279 3948 lingua
292 3861 413 3954 legibus
427 3865 580 3958 rebusque
591 3866 782 3934 consentiens
794 3867 935 3933 maxime.
946 3865 1008 3932 Sed
1019 3881 1144 3954 tempus
1155 3880 1203 3930 est

161 3964 284 4034 dicendi
297 3968 336 4036 dc
349 3985 452 4038 nostra
465 3971 618 4058 editione,
629 3973 768 4065 quidque
778 3971 811 4037 in
820 3994 853 4040 ea
861 3971 997 4038 curanda
1008 3969 1178 4037 actumsit.
