2692 4824
122 341 239 431 ⁴servor
471 351 474 356 ·
539 340 780 409 nnnnsrr

143 459 180 524 ln
191 484 255 551 quo
264 481 359 552 quam
373 458 401 525 ei
421 457 575 525 interdum
590 460 754 528 infeliciter
767 485 814 527 res
826 462 1023 547 successerit,
1043 464 1190 554 exemplo.

85 582 90 592 ·
143 585 207 630 esse
220 581 322 655 potest
339 564 488 630 correctio
507 580 613 629 notata
630 567 669 631 ad
690 567 733 631 A.
753 566 821 652 XI,
837 565 871 648 lp.
888 564 1034 632 Ceterum
1051 581 1083 632 et
1103 567 1181 635 hanc

143 667 291 754 intelligit
309 667 438 758 Lipsius
458 668 632 752 interdum,
654 694 726 734 cum
741 670 890 736 Venetam
909 688 1127 737 commemorat
1149 673 1180 737 in

143 772 333 864 editionibus
346 772 588 862 posterioribus,
603 789 640 838 ut
653 772 758 859 colligi
779 788 882 863 potest
902 798 919 839 e
941 789 1014 839 nota
1035 774 1181 841 editionis

143 877 261 967 quintae
275 878 315 942 ad
328 875 398 962 XI,
418 879 473 961 18,
486 881 520 941 in
529 879 601 943 line.
618 876 694 944 Vid.
708 877 754 943 ibi
765 893 870 942 uotam
881 893 1029 943 nostram.

148 1048 151 1053 ,
186 977 276 1045 Hanc
287 981 407 1070 excepit
420 981 517 1046 editio
530 982 676 1068 Pln'lippi
687 983 848 1048 Beroaldi
861 981 1009 1072 junioris,
1025 981 1181 1047 nitidissi-

143 1082 202 1149 mis
218 1082 333 1149 chartis
353 1087 520 1174 typisque,
536 1108 591 1173 per
606 1085 790 1168 magistrum
805 1082 998 1173 Stephanum
1014 1083 1182 1151 Guillereti

143 1187 182 1251 de
193 1185 397 1271 Lothoringia
404 1237 413 1269 ,
425 1185 580 1253 Tullensis
592 1188 772 1273 dioceseos,
785 1189 895 1253 Romae
907 1186 1007 1273 1515,
1020 1185 1083 1253 kal.
1094 1204 1181 1254 mart.

142 1289 258 1355 Leonis
269 1289 303 1356 X
318 1306 404 1378 pont.
416 1314 497 1356 max.
510 1314 590 1357 anno
602 1292 746 1358 secundo.

175 1409 278 1460 Titulus
289 1411 336 1460 iste
347 1427 353 1457 :
367 1411 398 1460 P.
410 1410 521 1460 Coroebi
531 1411 614 1461 Taciti
622 1411 681 1461 libri
689 1413 799 1481 quinque
810 1414 907 1463 noviter
920 1412 1031 1474 inventi,
1043 1422 1119 1479 atque
1128 1427 1183 1464 cum

143 1489 247 1556 reliquis
257 1490 311 1561 ejus
320 1490 452 1556 operibus,
463 1509 521 1560 quoe
529 1491 601 1557 prius
611 1493 802 1544 inveniebantur
809 1495 901 1545 Romoe
910 1493 1039 1560 impressi,
1051 1505 1102 1544 etc.

188 1603 460 1670 Praesatiunculam
477 1604 635 1690 beroaldi,
650 1629 721 1698 quae
734 1608 773 1672 ad
789 1608 935 1673 editionis
948 1606 1099 1672 rationem
1112 1591 1184 1693 per·

142 1709 237 1792 tinet,
251 1709 325 1799 quia
338 1707 439 1774 brevis
454 1724 517 1792 est,
533 1707 613 1773 liber
631 1726 735 1774 autem
753 1711 819 1799 ipse
836 1710 1029 1792 rarissimus,
1044 1707 1184 1798 subjeci-

142 1837 229 1898 mus,
245 1815 387 1901 Philipp.
402 1815 585 1879 Beroaldus
601 1815 647 1876 ael
661 1817 834 1879 lectorem:
849 1815 1011 1902 Quoniam
1023 1829 1118 1877 venes
1132 1835 1185 1879 co·

144 1919 231 1999 dex,
252 1919 336 1983 unde
356 1919 437 1982 bunc
455 1922 557 2005 ipsum
576 1919 820 1982 describendum
840 1935 938 2006 atque
956 1916 1186 2006 rfrrvulgarrdam

144 2025 257 2087 curavi
264 2071 273 2104 ‚
285 2023 430 2108 pluribus
444 2022 567 2085 mendis
581 2035 699 2101 scatet,
720 2044 847 2109 oequnm
868 2021 1012 2100 vedetur,
1034 2023 1188 2087 lectorem

145 2129 178 2188 in
189 2129 297 2212 primo
310 2130 405 2214 quasi
415 2129 521 2210 operis
534 2127 642 2189 linain'e
648 2175 660 2204 ,
682 2127 806 2189 consilii
817 2128 899 2204 arei,
913 2149 977 2214 quo
995 2128 1027 2188 in
1043 2139 1112 2187 toto
1127 2123 1185 2188 doc

145 2233 353 2318 negotiousns
362 2253 444 2309 suna,
454 2229 639 2291 admonere.
653 2226 807 2316 Namque
816 2251 961 2308 errores,
972 2231 1188 2317 quipoterant

146 2330 236 2397 nulle
255 2334 443 2397 temeritatis
460 2347 538 2395 nota
552 2324 735 2409 emendari,
750 2334 897 2395 consultis
907 2333 1013 2418 primo
1027 2331 1188 2394 nonnullis

146 2437 281 2502 eruditis
291 2454 325 2501 et
334 2436 418 2503 acris
428 2436 546 2522 judieii
554 2437 635 2498 viris
639 2485 650 2514 ,
668 2439 809 2500 correxi.
825 2433 895 2518 At,
912 2460 987 2525 quer
998 2439 1069 2499 loca
1079 2439 1185 2520 majo·

147 2565 213 2607 rem
223 2543 256 2605 in
267 2565 302 2606 se
313 2540 498 2628 corrigendi
510 2539 739 2628 dp‘ficultatem
752 2540 872 2605 babere
885 2541 1093 2619 ommonem,
1106 2541 1188 2603 sicut

146 2661 258 2725 erant,
281 2647 414 2732 reliqui,
439 2645 591 2729 appositis
613 2645 760 2709 interiori
777 2647 919 2734 margini
937 2629 1088 2722 stellulis,
1110 2666 1186 2730 quta

146 2755 303 2825 vitiosum,
317 2750 459 2813 codicem
477 2764 683 2816 testarentur.
702 2751 906 2837 Seposuimus
920 2771 1002 2813 aero
1021 2748 1137 2812 librum
1153 2749 1187 2810 in

146 2861 234 2924 calce
245 2857 348 2945 quinti
360 2855 449 2935 libri,
463 2856 495 2917 in
505 2877 569 2943 quo
576 2877 639 2941 per
648 2877 814 2936 numerum
826 2853 1012 2917 obortarum
1022 2853 1188 2916 stellulam

146 2965 248 3048 ipsam
266 2983 335 3023 eum
347 2982 403 3024 suo
419 2982 550 3026 numero
567 2976 722 3050 tanquam
739 2959 786 3023 ad
804 2980 949 3022 caussam
968 2956 1141 3020 discredam
1153 2958 1189 3019 in

142 3068 299 3154 judicium
319 3087 480 3129 vocemus.
502 3063 559 3128 Ibi
575 3063 651 3128 dum
671 3066 772 3127 lector
789 3078 848 3126 aut
861 3061 1109 3139 dubitationem,
1128 3076 1191 3125 aut

147 3168 324 3258 opinionem
357 3184 500 3232 trustram
530 3169 668 3248 erudiet,
697 3170 755 3231 vel
780 3166 970 3231 sententiam
997 3163 1192 3251 approbabit

147 3299 268 3354 meam,
280 3276 339 3337 ael
351 3274 516 3336 meliorem
526 3273 592 3355 ipse
604 3272 741 3361 offeret.
755 3269 891 3353 Verum,
905 3268 964 3335 etsi
976 3291 1012 3333 ea
1025 3265 1190 3352 diligentia

148 3401 180 3443 se
194 3400 286 3442 usum
300 3375 435 3441 ostendit
450 3372 637 3457 beroaldus,
651 3375 689 3438 ad
703 3371 816 3439 calcem
832 3371 904 3437 libri
919 3371 1044 3463 quinti,
1066 3387 1103 3436 nt
1116 3369 1190 3437 illos

147 3485 230 3569 ipsos
243 3483 383 3571 quinque
396 3476 512 3561 libros,
528 3481 590 3567 jam
604 3477 710 3541 lormis
722 3498 868 3559 excusos,
884 3498 955 3539 cum
969 3477 1075 3540 codice
1084 3490 1191 3540 vetere

148 3581 333 3666 contulerit,
349 3598 380 3647 et
393 3603 465 3672 quar
479 3603 579 3669 operte
594 3583 779 3663 variassent,
796 3583 968 3661 annotarit,
990 3595 1092 3643 tamen
1114 3595 1189 3668 post

148 3710 221 3751 cnm
228 3686 364 3753 Pichena
372 3685 443 3751 etl.
453 3683 630 3750 Gronovius
640 3706 701 3748 non
710 3686 835 3747 irritum
844 3679 977 3747 laborem
987 3703 1190 3769 consumpse·

148 3808 240 3877 runt,
257 3815 329 3857 cum
341 3792 473 3856 eundem
488 3803 621 3854 veterem
633 3789 771 3853 codicem
783 3810 856 3853 cum
870 3788 962 3852 editis
975 3783 1134 3853 contulere
1147 3812 1155 3847 ε
1172 3809 1194 3851 e

149 3919 283 3986 quorum
298 3897 412 3959 notatis
427 3908 531 3982 patet,
545 3889 729 3957 Beroaldum
740 3889 790 3954 vel
810 3913 866 3980 per
884 3889 1124 3976 negligentiam,
1138 3887 1191 3955 rel

143 4003 310 4090 ‚scripturae
322 4001 432 4064 veteris
444 3998 613 4081 inscitiam,
628 4017 691 4061 non
705 4017 773 4061 raro
788 4017 806 4060 a
819 4016 891 4060 vera
902 3992 1033 4061 lectione
1042 3991 1116 4057 libri
1131 3991 1194 4061 ab-
