2692 4824
153 355 164 421 1
555 345 798 413 ERNESTI

152 470 420 568 proclirefuerim
444 467 565 560 aliquid
587 468 621 533 in
641 484 762 535 textum
783 468 896 554 inseri,
918 467 992 562 quis
1011 492 1076 537 non
1088 472 1200 540 videti

152 604 225 649 cum
244 580 278 645 id
300 578 393 644 etiam
410 576 443 641 in
461 572 531 642 aliis
548 572 638 641 libris
657 574 815 666 antiquis,
837 591 874 641 ut
890 573 1068 663 Ciceronis,
1091 577 1200 665 Livii,

152 689 270 753 factum
286 707 348 750 esse
361 696 491 748 constet.

196 793 383 879 Interpretes
390 802 501 853 nactus
515 802 561 852 est
575 785 706 852 Tacitus
720 807 851 852 numero
860 786 1051 876 permultos,
1067 791 1123 858 sed
1136 814 1199 858 non

152 897 320 962 admodum
330 891 446 959 multos
457 890 547 957 valde
561 891 748 982 probandos.
764 893 847 958 Sunt
859 911 966 960 autem
984 895 1049 962 duo
1064 919 1198 982 genera:

136 993 283 1069 alterum
297 1021 424 1077 eornm,
440 997 496 1088 qui
513 998 552 1063 de
568 999 782 1065 emendatione
795 1014 1033 1089 corruptorum,
1048 1017 1081 1068 et
1094 1000 1198 1092 expli·-

151 1106 273 1172 catione
282 1105 484 1171 obscurorum
494 1101 675 1170 laborarunt
687 1130 694 1166 :
706 1103 838 1171 alterum
847 1104 960 1171 borum
969 1158 978 1190 ,
988 1107 1045 1198 qui
1055 1108 1199 1197 pruden-

61 1199 64 1206 ’
150 1211 204 1276 tiae
217 1207 320 1276 civilis
332 1232 350 1275 e
363 1207 474 1274 Tacito
489 1208 644 1274 discenda
658 1208 820 1294 magistros
836 1233 868 1275 se
882 1209 1013 1299 professi
1027 1227 1111 1278 sunt.
1124 1211 1197 1279 ttu-

150 1312 327 1406 jus-generis
335 1335 445 1398 magna
455 1311 628 1378 multitudo
640 1312 793 1402 superiori
807 1311 921 1381 saeculo
936 1315 1052 1382 extitit.
1067 1314 1198 1384 Etenim

150 1435 274 1509 tempus
288 1417 369 1502 fuit,
383 1440 447 1508 quo
461 1417 495 1481 in
506 1439 616 1502 magno
627 1416 729 1506 pretio
743 1417 802 1482 ista
818 1419 897 1485 ratio
912 1417 1092 1506 haberetur,
1103 1437 1199 1514 atque

150 1522 359 1590 adolescentes
372 1522 487 1612 cupide
501 1538 531 1588 et
546 1522 723 1613 frequenter
738 1523 778 1588 ad
795 1522 915 1591 scholas
929 1523 1144 1612 confluerent,
1163 1529 1198 1594 in

150 1628 268 1719 quibus
277 1649 339 1692 non
349 1626 414 1693 tam
425 1627 574 1712 agebatur
583 1627 661 1713 hoc,
675 1644 712 1694 ut
723 1628 853 1696 Tacitus
863 1644 947 1696 recte
958 1627 1197 1720 intelligeretur,

150 1756 245 1824 quam
258 1748 295 1798 ut
305 1730 407 1797 civilis
418 1732 599 1821 prudentia,
615 1748 651 1798 ut
664 1732 840 1823 jactabant,
851 1757 869 1801 e
879 1733 990 1800 Tacito
1002 1735 1197 1803 disceretur:

149 1834 360 1903 allicientibus
373 1834 540 1903 stultitiam
550 1834 780 1903 adolescentum
794 1835 880 1904 illius
893 1838 1024 1904 rationis
1036 1841 1199 1928 praeecni·

148 1940 227 2026 bns,
241 1942 299 2033 qui
314 1934 458 2031 politicas
478 1956 557 2005 artes
577 1940 707 2006 induere
728 1941 781 2007 isti
803 1941 889 2006 aetati
911 1940 1008 2009 stulte
1028 1958 1198 2013 tentarent.

148 2043 241 2111 Abiit
254 2062 377 2133 tempus
391 2042 481 2109 illud.
490 2042 639 2132 Coeptum
650 2060 695 2110 est
708 2041 860 2129 intelligi,
872 2068 968 2136 quam
982 2069 1094 2135 parum
1106 2047 1198 2119 utilis

149 2150 184 2216 in
196 2173 232 2215 ec
245 2148 333 2214 labor
344 2147 563 2237 susciperetur.
579 2146 690 2237 ltaque
707 2162 738 2213 et
754 2145 829 2212 libri
848 2173 886 2214 ex
901 2172 1060 2236 eo-genere
1075 2174 1134 2218 nec
1146 2176 1198 2220 re-

51 2330 54 2339 1
150 2255 320 2346 quiruntur
338 2252 460 2337 hodie,
473 2274 529 2317 nec
548 2250 705 2336 leguntur.
727 2251 854 2343 Merito.
879 2252 1007 2319 Etenim
1029 2255 1099 2321 haeo
1116 2257 1198 2324 ratio

133 2358 253 2433 ¹Taciti
276 2356 518 2446 interpretandi,
538 2380 611 2449 quae
631 2349 832 2442 congerendis
853 2357 1011 2424 similibus
1033 2362 1198 2429 sententiis

150 2460 379 2553 exemplisque,
392 2476 423 2526 et
438 2457 600 2526 eliciendis
611 2459 800 2553 quibusdam
812 2464 1028 2548 consectariis,
1043 2466 1083 2530 ed
1093 2467 1197 2532 mores

147 2569 307 2659 vitamque
326 2565 493 2630 humanam
513 2564 762 2653 pertinentibus,
786 2567 976 2652 continetur,
998 2590 1056 2634 nec
1076 2569 1197 2655 ingenii

149 2671 271 2764 aliquid
287 2669 437 2762 requirit,
458 2691 515 2733 nec
532 2667 703 2760 quicquam
718 2671 825 2754 docet,
841 2671 1000 2761 qnodnon
1013 2694 1070 2738 sua
1083 2689 1197 2762 sponte

149 2777 250 2846 cuivis
266 2776 299 2840 in
308 2792 444 2841 mentem
456 2774 576 2858 veniat,
596 2773 655 2839 ubi
668 2774 762 2841 verba
775 2775 880 2840 Taciti
894 2791 977 2842 recte
995 2775 1195 2844 intellexerit.

149 2879 511 2963 VerissimeGordonus,
526 2879 714 2963 Britannus,
730 2879 763 2944 in
773 2881 904 2966 Disput.
917 2881 1076 2947 kistoricis
1089 2901 1126 2948 et
1131 2909 1196 2971 po-

148 2988 242 3051 liticis
260 3008 358 3071 super
379 2985 486 3049 Taciti
501 2983 592 3048 libras
600 3034 611 3063 ,
626 2998 650 3047 t.
662 2983 699 3062 I,
717 3006 748 3072 p.
767 3005 807 3073 7²
829 3009 835 3045 :
854 2985 939 3049 «De
958 3002 1029 3052 tous
1042 2990 1093 3052 les
1110 3012 1196 3055 cona-

148 3107 344 3156 mentateurs
363 3091 535 3178 politiques
555 3089 597 3153 de
617 3089 749 3167 Tacite,
768 3092 797 3176 je
816 3090 888 3154 n'en
909 3105 1021 3157 trouve
1038 3115 1101 3183 que
1121 3092 1196 3161 bien

147 3221 210 3285 peu
233 3193 437 3261 d'estimables
458 3221 464 3256 :
487 3199 516 3284 je
535 3192 622 3283 parle
648 3194 687 3258 de
708 3216 788 3259 ceux
807 3218 869 3285 qne
888 3196 942 3286 j'ai
958 3219 1041 3281 vus,
1063 3198 1142 3264 dont
1166 3198 1196 3266 la

147 3299 273 3389 plupart
292 3315 361 3364 sont
379 3299 563 3364 au-dessous
580 3298 625 3362 du
647 3296 812 3364 mediocre.
832 3297 879 3364 Ce
897 3322 939 3365 ne
963 3316 1034 3366 sont
1053 3325 1118 3392 que
1141 3305 1195 3371 des

146 3403 361 3495 compilations
375 3425 567 3493 ennuyeuses
579 3402 618 3468 de
630 3399 717 3468 lieux
728 3426 909 3489 commum,
925 3404 979 3470 des
992 3407 1195 3496 paraphmses

144 3507 387 3592 languissentes,
407 3508 449 3573 oin
465 3505 494 3571 le
510 3529 578 3571 sens
594 3506 634 3570 de
649 3503 803 3592 l'original
819 3524 866 3574 est
881 3509 961 3599 noye'
978 3510 1054 3576 dans
1071 3511 1125 3578 des
1143 3536 1196 3579 ex·

144 3610 309 3703 plications
326 3611 499 3702 superflues
517 3637 523 3673 :
538 3609 582 3677 les
594 3609 756 3678 reflexions
769 3611 886 3701 pleines
901 3613 940 3680 de
953 3614 1005 3680 sen
1015 3615 1054 3680 de
1065 3616 1193 3702 Tacite,

143 3743 165 3808 y
181 3732 250 3782 sont
265 3717 437 3783 converties
455 3740 493 3781 en
513 3714 662 3780 maximes
682 3714 790 3794 ascias,
810 3733 940 3785 sourent
960 3717 1197 3787 malheureuse·

84 3830 87 3837 '
143 3838 228 3887 ment
249 3821 485 3904 transformees,
507 3819 536 3886 la
557 3818 686 3909 plupart
705 3819 829 3887 irivoles
849 3838 880 3888 et
900 3822 1044 3890 allectees
1066 3850 1074 3892 :
1098 3849 1134 3892 ce
1155 3846 1195 3891 ne

143 3942 213 3992 norst
234 3949 343 3991 encore
361 3941 492 3991 souvent
511 3947 573 4016 que
595 3924 649 3991 des
666 3923 752 3990 ideas
772 3948 969 4012 communes,
990 3929 1009 3992 *a
1033 3926 1063 3994 la
1086 3929 1194 4021 porte'e
