2692 4824
455 307 459 315 ’
516 338 811 408 unanimo.
1148 352 1180 436 a

138 466 208 519 turn,
218 452 301 509 latitet
308 448 462 527 itnpositarn
471 495 479 521 ,
488 461 581 530 &pius
591 480 622 512 eo
632 460 791 525 destituitur,
806 459 874 512 unde
890 459 969 515 dubia
984 462 1117 518 interdurn
1130 466 1184 519 lec·

144 536 842 612 tto,uta.xv,31‚ettl.111‚11‚51.1V,39,69,
860 544 888 593 in
904 544 1017 606 ius,uis.
1037 544 1185 599 Centenius

142 619 206 670 clare
216 618 311 689 legitur
321 630 431 671 accentu
441 636 517 689 snper
526 622 609 690 prima
619 623 694 673 litera
702 623 789 691 posito
798 622 831 672 II.
842 622 889 686 IV,
900 624 942 689 48.
959 626 994 675 Α.
1009 624 1075 688 XII,
1087 642 1135 696 29,
1145 629 1184 678 iu-

140 700 222 751 lillius
229 740 238 765 ,
249 701 368 753 uilillius.
386 701 452 766 XII,
463 702 510 769 45,
521 703 658 768 umidium,
671 702 800 754 uinidium.
816 702 895 766 XIII,
911 704 950 773 57,
961 705 1077 755 iubenum
1087 746 1095 770 ,
1112 708 1184 758 uide-

141 792 206 835 ntsttt.
217 782 252 833 II.
261 782 317 847 III,
335 784 381 846 13,
397 783 509 847 uinctos,
528 785 633 835 iunctas.
644 785 661 854 j
675 786 781 855 longum
797 787 851 835 sive
864 784 996 854 gothcum
1007 804 1130 857 nusquam
1140 808 1185 841 oc-

142 864 226 921 currit.
237 862 314 915 More
323 864 403 915 medii
414 866 462 915 tevi
471 866 611 934 integitur
621 882 670 935 pro
681 865 715 915 tt.
728 864 826 917 Contra
841 865 921 915 isdem
935 884 984 937 pro
999 867 1102 932 iisdem,
1117 870 1186 921 anti-

142 945 296 1015 qnaforma,
312 948 377 997 item
392 947 489 1009 omnis,
508 945 646 1008 tendentis,
660 945 790 1012 prodentis
806 960 833 998 et
846 947 940 998 similia
957 960 1051 1017 quarto
1068 966 1135 999 casu.
1153 950 1185 1002 Id

142 1024 221 1097 ipsum
235 1031 264 1078 in
279 1028 429 1079 Florentino
444 1045 549 1097 imoque
563 1026 711 1079 observavit
727 1025 845 1078 Pichena.
866 1026 989 1077 Valitudo
1005 1030 1082 1079 etiam
1099 1042 1185 1082 noster

145 1124 198 1157 cnm
213 1108 365 1159 Florentino
382 1107 461 1160 habet
476 1126 620 1160 commune.
635 1109 724 1160 Prisca
738 1126 817 1179 porro
827 1109 911 1160 forma
921 1108 1023 1161 obtinet
1032 1112 1059 1162 in
1069 1110 1183 1175 adem,

145 1188 250 1252 elicere,
267 1191 370 1242 inicere.

173 1269 357 1341 Diphthongus
377 1289 507 1340 nunquam
523 1273 646 1341 sejunctis
666 1272 769 1335 literis,
792 1290 859 1341 saepc
878 1290 926 1343 per
948 1291 962 1323 e
983 1273 1120 1325 caudatam
1140 1292 1185 1325 ex-

148 1368 237 1421 pressa,
250 1353 413 1423 frequentius
422 1350 589 1404 desideratur.
606 1352 637 1404 In
648 1354 813 1422 compositis,
828 1352 861 1402 de
871 1366 898 1403 et
908 1352 952 1415 di,
964 1352 1004 1403 dis
1009 1392 1017 1415 ,
1030 1372 1097 1423 saepe
1106 1356 1186 1407 alter·

148 1446 205 1484 nant.
215 1432 261 1486 Sic
272 1432 390 1496 demitto,
402 1432 498 1484 dimitto
503 1456 512 1498 ,·
523 1433 639 1500 deripere
644 1472 653 1497 ,
662 1433 786 1501 dimpere,·
797 1432 916 1503 degredi,
927 1433 1028 1504 digredi
1032 1456 1042 1497 ,·
1052 1433 1184 1499 distinctu,

149 1514 246 1566 detinere
253 1555 262 1580 ,
276 1528 329 1568 etc.
1077 1544 1080 1551 ·

172 1597 371 1668 prepositiones
381 1596 582 1665 compositorum
592 1596 777 1666 morcantiquo
785 1614 836 1646 non
845 1608 985 1646 mutantur.
995 1594 1039 1647 Sic
1048 1594 1184 1660 adlevare,

149 1677 277 1742 adcurare,
289 1679 404 1742 inbellis,
417 1678 550 1745 inrumpo,
561 1678 690 1741 inlustris,
704 1690 753 1728 etc.
770 1678 941 1748 Duplicatum
950 1677 1004 1728 din
1017 1676 1129 1728 redditus
1137 1697 1187 1749 pro

148 1759 245 1823 redime,
257 1761 293 1811 H.
308 1760 336 1824 I,
352 1760 401 1823 65,
422 1759 636 1810 mediunt'terum
655 1759 731 1827 sapit.
747 1757 841 1810 Gracco
859 1778 930 1810 more
948 1757 1070 1810 scribitur
1089 1761 1185 1823 Gaius,

148 1844 252 1893 Gaianas
258 1882 267 1905 ,
280 1842 392 1903 (ineius,-
401 1842 481 1891 immo
492 1842 526 1891 A.
537 1840 602 1903 XII,
612 1840 659 1906 42,
672 1841 815 1906 Grispinus.
829 1838 948 1908 Simplici
958 1841 1083 1891 elemento
1092 1841 1186 1909 legitur

148 1924 208 1987 mile,
219 1924 303 1974 milies
311 1963 319 1986 ,
329 1924 423 1989 pelex,
437 1923 540 1988 pelices.
555 1922 643 1974 FInale
644 1920 676 1989 s
676 1921 818 1992 oblongum
832 1921 928 1973 ubiuis.
946 1923 977 1973 In
994 1922 1079 1972 medio
1092 1940 1187 1973 vocum

146 2005 190 2056 tire
201 2006 327 2076 simplex,
340 2006 394 2073 sive
407 2002 584 2072 duplicatum,
601 2002 750 2073 frequenter
764 2022 811 2073 per
825 2003 926 2054 literam
937 2022 956 2051 :c
966 2004 1133 2073 exprimitur,
1150 2004 1187 2055 sic

147 2089 216 2159 vulgo
230 2090 259 2138 V
258 2088 412 2155 ceperianus
421 2088 484 2156 imp.
495 2099 612 2150 vocatur,
624 2086 686 2138 item
699 2087 888 2154 Vespasianus.
901 2083 986 2136 Simili
995 2085 1073 2136 modo
1081 2086 1107 2135 in
1115 2084 1188 2136 atar-

145 2169 187 2219 silii
196 2171 217 2220 F
218 2171 283 2221 lcini
297 2169 414 2239 epistolis
430 2169 544 2219 occurrit
552 2167 678 2219 Bexarion
688 2168 835 2220 cardinaIIs.
846 2166 891 2218 Sic
902 2186 982 2237 porro
988 2167 1021 2218 Η.
1033 2168 1073 2230 II,
1083 2186 1112 2235 7¹
1123 2207 1130 2229 ,
1140 2166 1187 2230 IV,

147 2250 180 2307 15,
192 2270 276 2300 auxus
286 2268 336 2319 pro
347 2266 437 2310 ausus,
454 2261 544 2299 contra
558 2248 592 2299 II.
606 2248 653 2310 IV,
669 2267 716 2315 71,
729 2247 762 2310 V,
777 2268 808 2318 9,
827 2250 893 2297 audit
907 2266 955 2317 pro
971 2250 1050 2298 nuxit.
1063 2246 1137 2299 Alibi
1151 2250 1187 2300 sic

145 2332 251 2394 Frisios,
261 2331 373 2398 imple'xe
378 2369 386 2393 ,
398 2330 519 2396 explsxe,
527 2331 646 2396 perimit,
654 2333 813 2392 sextertium,
823 2349 872 2401 pro
882 2330 988 2391 I‘iisios,
999 2330 1128 2396 implesse,
1137 2342 1187 2381 etc.

146 2410 184 2465 Sic
199 2426 226 2464 et
240 2415 382 2476 extimum,
394 2412 466 2482 qnod
475 2430 544 2464 nunc
553 2412 714 2475 existimare,
731 2432 800 2463 nunc
811 2414 939 2461 oestimars
949 2411 1083 2481 signilioat.
1094 2410 1127 2462 V.
1138 2411 1189 2462 Er·

145 2497 205 2546 nesti
216 2496 249 2546 ad
262 2496 298 2545 A.
309 2494 389 2556 XIII,
402 2512 440 2561 17·
452 2491 496 2544 Sic
506 2512 587 2564 porro
596 2493 677 2543 illesa
686 2512 735 2562 pro
744 2494 830 2543 iliceto
839 2515 848 2556 ,-
859 2505 885 2543 et
896 2496 930 2544 A.
941 2492 999 2554 XV,
1012 2492 1130 2557 38,fixe
1141 2511 1189 2562 pro

144 2577 219 2642 fesso.
230 2575 314 2628 Simili
326 2575 403 2626 modo
414 2576 448 2625 A.
460 2574 540 2638 XIII,
554 2576 598 2633 13,
609 2574 765 2642 effulxerent
775 2592 807 2627 ex
820 2573 931 2625 editione
941 2574 1025 2642 prima
1030 2575 1132 2625 notavit
1139 2574 1191 2624 Er-

145 2660 206 2709 nesti
216 2658 249 2708 ad
261 2657 339 2719 XIII,
350 2660 380 2719 6,
393 2655 438 2707 ubi
446 2655 540 2713 docet,
552 2655 612 2709 MS.
628 2658 698 2709 Flor.
710 2676 724 2708 e
734 2658 865 2708 contrario
874 2656 969 2707 habere
984 2654 1125 2719 disserunt,
1142 2672 1192 2725 pro

145 2756 192 2809 qno
201 2738 283 2808 vulgo
292 2738 393 2807 legatur
403 2737 530 2788 discertent.
542 2737 576 2791 II.
586 2739 626 2801 II,
638 2755 685 2806 70,
695 2751 735 2790 est
745 2737 974 2807 quadrigeximum.

172 2821 251 2872 Vitiis
261 2821 398 2890 permultis
410 2832 491 2871 scatet
501 2819 592 2870 codex.
606 2820 645 2870 Ea
659 2839 726 2891 sape
742 2839 773 2871 cx
789 2821 926 2872 oscitantia
940 2818 1055 2880 librariI,
1072 2837 1190 2870 nonnun-

146 2920 220 2973 quam
230 2921 262 2953 ex
274 2899 441 2952 similitudine
451 2899 584 2951 literarum
593 2913 658 2951 orta.
668 2900 702 2951 II.
711 2902 765 2961 III,
778 2901 808 2967 44
818 2940 824 2964 ,
835 2899 959 2961 dubium,
972 2897 1140 2971 legendumne
1149 2901 1190 2948 in-

145 2984 230 3046 clitus,
241 2999 274 3032 an
284 2980 395 3043 inditus,-
412 2983 475 3032 item
489 3000 521 3031 ex
536 2982 645 3045 ricinia,
657 2980 716 3032 indc
726 2980 759 3032 Η.
773 2980 813 3041 V,
826 2998 870 3042 ro,
882 2980 1048 3046 comprimere
1058 2992 1189 3047 recepten-

144 3074 189 3114 tem
199 3082 247 3133 pro
259 3072 418 3132 coeptantem.
429 3062 462 3112 II.
473 3062 527 3125 III,
541 3064 586 3125 13,
597 3074 747 3113 secretorum
763 3074 903 3112 castrorum
916 3080 966 3131 pro
980 3074 1076 3112 secrete
1094 3075 1191 3114 certm-

145 3162 204 3197 mm.
219 3146 303 3197 Porro
311 3163 343 3195 ex
352 3144 462 3196 vocibus
472 3145 536 3195 male
548 3144 683 3215 sejunctis,
695 3158 724 3195 ut
735 3144 768 3195 Η.
780 3143 826 3207 IV,
841 3144 887 3206 32,
899 3144 971 3193 mciii
980 3146 1133 3209 orarejeme
1142 3162 1190 3215 pro

146 3228 262 3278 meliora
272 3226 378 3293 infime.
390 3227 509 3290 Lincoln,
521 3227 607 3297 quarti
617 3244 690 3279 casus
700 3226 789 3288 iudex,
800 3227 827 3276 in
841 3237 944 3288 nostro,
955 3237 985 3275 ut
994 3226 1020 3274 in
1030 3225 1190 3288 Florentino,

146 3328 208 3379 sape
217 3308 325 3376 deficis,
336 3307 466 3359 interdum
476 3320 572 3359 temere
582 3306 700 3379 adposita
709 3310 831 3359 cernitur.
846 3306 899 3360 Ista
914 3307 1022 3368 lineola,
1038 3306 1063 3356 in
1078 3306 1128 3357 fine
1142 3324 1202 3358 ro·-

146 3409 201 3441 cum
212 3386 298 3442 vitali
309 3390 443 3460 imposita,
456 3388 519 3443 alibi
528 3404 632 3461 quorme
641 3391 744 3442 literam
760 3408 784 3440 m
800 3390 919 3460 supplem
936 3390 963 3440 in
978 3390 1034 3440 aliis
1046 3389 1137 3441 omissa
1150 3390 1191 3440 ri-

146 3472 208 3522 tium
216 3472 295 3541 parit.
306 3469 351 3522 Sic
358 3472 384 3522 in
392 3470 463 3523 Flor.
472 3486 575 3543 qnoque
582 3470 615 3522 II.
625 3470 664 3523 III
674 3472 729 3538 ,iffi
739 3483 777 3522 est
785 3472 902 3521 contemti
911 3490 959 3541 pro
969 3470 1119 3521 contemtim.
1131 3470 1191 3522 Alis

147 3555 219 3603 etiam
231 3552 379 3623 compendii
390 3554 462 3623 signa
473 3569 609 3623 perperam
620 3550 663 3603 rel
674 3550 761 3603 addita
771 3551 814 3602 rcl
824 3553 916 3603 omissa
927 3552 1015 3603 multis
1024 3553 1136 3622 pcccatis
1146 3570 1192 3602 an-

147 3651 196 3684 sam
210 3633 314 3686 dedere.
331 3636 366 3686 A.
377 3632 453 3695 XVI,
464 3650 511 3704 ης),
523 3631 568 3684 ubi
583 3632 610 3683 in
625 3634 694 3684 Flor.
711 3634 804 3684 vitiose
814 3635 910 3703 legitur
922 3647 1001 3685 uteret
1015 3654 1064 3704 pro
1079 3647 1105 3684 ut
1120 3647 1190 3697 eret,

147 3716 206 3767 alius
221 3716 281 3785 quis
294 3714 400 3768 videtin
414 3714 516 3766 dedisse
531 3725 624 3776 uteret,
642 3712 701 3763 inde
717 3727 803 3764 noster
818 3727 935 3766 verteret.
955 3714 1063 3786 Signum
1078 3725 1088 3749 ²
1103 3716 1129 3767 in
1142 3716 1192 3767 fine

147 3797 298 3860 verborum,
310 3796 356 3848 ubi
366 3808 440 3847 notat
450 3814 489 3860 ur,
501 3812 682 3866 nonnunquam
692 3795 773 3848 deest.
786 3795 850 3847 Inde
859 3798 893 3848 H.
905 3798 933 3861 I,
946 3800 974 3848 31
985 3837 991 3860 ,
1002 3796 1136 3866 diffidebat
1144 3816 1192 3867 pro

148 3877 318 3946 dffidebatur.
335 3876 410 3929 Alibi
421 3878 578 3927 excoluerant
588 3895 635 3947 pro
646 3877 842 3929 exsolverentur.
854 3878 894 3929 Ex
905 3880 1010 3930 confusa
1021 3880 1111 3930 lineola
1121 3878 1192 3929 hori·

149 3960 238 4011 tontali
247 3961 351 4011 literam
360 3978 377 4024 p
389 3973 488 4010 secante
500 3977 559 4011 cum
569 3958 674 4029 obliqua
684 3974 769 4011 ortum
778 3958 887 4025 proinde
898 3980 945 4030 pro
953 3959 1074 4029 perinde,
1084 3976 1191 4028 provec-

151 4050 186 4089 tus
194 4060 243 4111 pro
249 4052 385 4111 pervectus
392 4078 401 4105 ,
414 4040 447 4091 H.
459 4042 511 4103 III,
526 4057 563 4093 12.
575 4038 676 4095 Omissa
685 4042 779 4094 lineola
788 4041 860 4094 dedit
870 4042 903 4095 II.
917 4042 965 4106 IV,
979 4042 1024 4105 52,
1036 4043 1135 4108 plueret
1143 4060 1192 4113 pro
