2692 4824
179 408 181 412 .
255 350 349 419 xxxiv
647 318 889 416 ERNESTI

256 474 361 561 potuit
370 468 523 549 accidere,
534 466 565 531 in
578 466 683 535 eadem
692 471 880 557 conjectures
890 469 1020 550 vestigia
1028 466 1213 551 incurrerit,
1226 490 1290 536 aon

160 585 163 589 ’
233 645 239 655 ,
256 576 386 641 audeam
410 571 522 643 dicore.
541 570 579 635 In
598 569 764 636 Germania
787 593 863 637 usus
881 584 928 650 est
947 570 1082 635 editione
1102 568 1161 637 alia
1182 570 1310 640 Italim·

255 694 375 760 vetere,
388 677 427 741 de
440 697 501 764 qua
510 674 590 739 iufra
602 673 750 740 dicemus.
763 674 801 739 Iu
813 672 959 758 Agricola
973 688 1004 739 et
1018 673 1149 762 Dialogo
1159 676 1201 741 de
1210 674 1293 743 Ora·

254 780 375 849 toribus
397 777 461 844 solo
482 781 604 862 iugenio
623 801 697 843 usus
715 792 770 843 est.
792 775 940 842 Ceterum
949 778 1070 843 addidit
1084 779 1176 844 ini-tio
1190 778 1304 870 operis
1335 840 1337 845 .

208 954 212 963 ,
259 887 461 951 chesaurum
474 886 738 947 constructionum
752 867 988 948 etloeutionum
1000 869 1034 947 et
1046 879 1162 948 crocum
1178 886 1308 952 Paesto·

130 1042 133 1049 ,
254 991 446 1069 solecismum,
468 987 570 1052 citatis
590 987 682 1052 etiam
703 1009 742 1053 ex
759 984 854 1050 Livio
876 985 1058 1078 plerumque
1078 988 1292 1059 testimoniis:

156 1111 159 1116 ·
256 1118 349 1186 quem
365 1091 506 1158 libellum
523 1091 638 1156 rectius
653 1091 719 1157 suis
729 1089 942 1174 editionibus,
956 1089 1095 1180 exemplo
1114 1090 1188 1157 seb.
1205 1091 1295 1183 Gry·

256 1197 343 1288 phii,
360 1195 550 1261 addidissent
564 1193 734 1277 G1·ouovii.‚
750 1216 843 1284 mam
855 1192 1000 1260 Salinerii
1016 1210 1125 1277 notas,
1139 1218 1219 1286 quas
1232 1197 1294 1286 ipsi

255 1302 438 1391 plerumque
451 1298 628 1383 nugatorias
646 1316 710 1362 esse
729 1297 878 1386 judicant.
897 1297 1040 1388 Denique
1052 1296 1169 1363 Alciati
1182 1315 1214 1365 et
1230 1286 1293 1367 Bis·
1329 1288 1333 1339 Ῑ

255 1403 354 1469 roaldi
366 1419 447 1467 notae
457 1416 488 1465 et
502 1399 700 1488 praelationes
712 1400 827 1471 addice
840 1416 917 1467 suut
928 1423 966 1465 ex
975 1401 1115 1466 editione
1126 1402 1296 1491 superiori.

255 1506 345 1573 Hauc
360 1505 527 1571 editionem
541 1504 647 1568 rocavi
668 1503 820 1579 Rhenaui
833 1507 982 1591 primam.
1002 1502 1130 1570 Etenim
1150 1520 1186 1570 ea
1198 1528 1297 1596 repe«

256 1611 314 1675 tita
327 1625 373 1675 est
386 1609 420 1673 iu
432 1607 538 1672 eadem
552 1605 630 1670 urhe
645 1623 676 1670 et
690 1606 814 1672 officina
827 1621 856 1671 a.
877 1605 979 1691 1544,
995 1607 1049 1673 sed
1062 1607 1125 1694 ita,
1139 1623 1177 1674 ut
1193 1610 1293 1698 pelori

254 1712 302 1779 illi
316 1702 451 1778 multum
465 1708 702 1800 pulchritudine
714 1704 893 1778 concederet
908 1711 1076 1797 posterior;
1090 1734 1187 1803 quam
1201 1713 1293 1779 Roo-

255 1821 335 1882 uani
342 1812 514 1888 secundam
525 1813 602 1879 dixi.
615 1812 767 1879 Nonnulli
783 1815 843 1886 viri
857 1814 960 1897 docti,
975 1815 1157 1881 nominatim
1166 1814 1294 1884 Grone-

255 1920 326 1985 vius
336 1935 489 2010 uterque,
504 1917 635 2006 primam
655 1916 739 1984 illam
758 1919 993 2003 ignoraverunt,
1011 1941 1108 2010 eaque
1128 1919 1169 1984 de
1183 1939 1294 1986 caussa

254 2023 402 2089 Aldinam
429 2021 563 2086 editione
586 2019 730 2086 Rhenani
755 2023 889 2110 priorem
911 2037 1098 2111 putaverunt
1112 2028 1125 2108 (
1138 2044 1168 2088 v.
1190 2022 1222 2088 J.
1240 2024 1292 2090 Fr.

66 2199 68 2204 ,
255 2127 394 2192 Gronov.
410 2124 450 2188 ad
464 2123 534 2206 ΧΙ,
550 2125 612 2206 6),
628 2139 659 2187 et
678 2124 864 2189 mutationes
877 2140 981 2191 textus
995 2123 1176 2191 tribuerunt
1188 2125 1293 2213 Aldu,

146 2283 150 2288 .
218 2234 221 2241 '
254 2253 327 2320 quae
341 2228 490 2293 Rhenano
503 2225 665 2297 debentur.
679 2225 718 2290 V.
728 2226 794 2293 Jac.
806 2226 992 2292 Gronovad
1002 2227 1064 2311 VI,
1082 2250 1118 2292 ar
1131 2227 1214 2315 μδ,
1228 2220 1311 2313 43;’

256 2332 357 2416 XIII,
376 2356 434 2415 ro,
450 2346 509 2395 etc.
525 2327 662 2418 Auhaec
676 2329 819 2418 repetitio
836 2330 916 2395 facta
928 2331 972 2395 ‘sit
989 2332 1105 2398 sciente
1119 2331 1299 2421 Rlienauo,'

255 2452 311 2502 nee
333 2458 372 2499 ne
390 2432 486 2518 (nam
504 2449 572 2497 tum
591 2430 694 2497 adhuc
709 2447 773 2497 erat
788 2432 821 2496 iu
832 2434 953 2517 vivis),
973 2458 1036 2500 uon
1055 2436 1154 2503 audeo
1173 2437 1291 2505 dicero.

255 2532 351 2604 Nove
360 2537 488 2628 quidem
500 2534 691 2624 praefationis
700 2535 844 2601 additum
855 2535 935 2600 nihil
946 2554 1001 2602 est.
1019 2538 1084 2604 Neo
1094 2562 1189 2605 novas
1199 2556 1292 2625 notas

255 2642 373 2734 reperi,
388 2639 661 2722 nisiforteuuam‚
678 2639 800 2704 sirecte
818 2639 955 2705 memini.
976 2639 1123 2707 Ceterum
1142 2665 1160 2707 a
1170 2643 1292 2731 ,primae

255 2744 387 2813 lectione
400 2744 507 2809 diflert
515 2743 549 2808 in
558 2740 733 2823 nonnullis3
746 2745 816 2831 quae
830 2765 886 2827 ego
898 2741 947 2808 vel
960 2745 1061 2832 operis
1074 2743 1122 2809 vel
1137 2762 1293 2813 correcto·

254 2849 341 2914 rihus
354 2848 526 2913 tribuerim.
540 2846 593 2912 Sic
605 2846 646 2912 A.
661 2847 710 2930 II,
725 2845 785 2930 38,
799 2869 816 2912 e
832 2848 1151 2914 transmerei-iaotum·
1162 2864 1294 2917 transu-

256 2976 344 3018 mere
357 2980 367 3015 :
382 2952 466 3043 quod
486 2951 648 3029 correctori
666 2950 794 3016 debetru·
810 2977 817 3014 :
833 2950 981 3036 Hist.11‚
997 2955 1059 3037 81,
1078 2953 1113 3019 lu
1124 2953 1227 3020 verbis
1242 2958 1293 3021 in-

256 3052 377 3124 trorsus
392 3058 424 3120 iu
439 3056 579 3121 Pontum
600 3055 779 3143 praepositio
802 3058 834 3119 in
854 3056 986 3139 omissa3
1005 3057 1090 3148 quod
1108 3072 1154 3122 est
1176 3058 1294 3125 vitium

255 3183 434 3251 operarum,
450 3175 604 3247 servatum
621 3159 771 3250 usquead
788 3158 964 3248 Ryckium,
979 3178 1017 3228 nt
1030 3159 1108 3245 alia,
1121 3161 1293 3252 dequibus

50 3282 52 3287 ’
106 3284 109 3289 ’
190 3340 194 3346 ἡ
242 3288 289 3330 -ru
306 3281 387 3330 notis
397 3286 584 3329 monuimus.
605 3293 607 3298 ·

189 3402 193 3409 ¹
273 3386 275 3391 ’
289 3381 436 3436 Rhenanam
447 3384 589 3435 temeritate
598 3395 643 3436 sua
653 3384 734 3436 multa
742 3384 768 3436 in
779 3383 872 3438 Tacito
880 3385 1035 3447 correxisse,
1047 3383 1131 3438 multo
1142 3400 1207 3438 vero
1216 3385 1295 3456 pluas

237 3460 239 3464 ὗ
256 3465 400 3535 corrupisse
406 3463 505 3533 judicat
516 3460 634 3517 Muretus
643 3464 676 3518 V.
687 3467 716 3519 L.
731 3466 775 3531 15,
787 3469 811 3521 3.

300 3563 393 3629 Anno
401 3579 471 3651 post
484 3549 650 3629 editionem
662 3552 945 3653 primam'Rheuani
951 3618 961 3651 ,
973 3566 1032 3632 hoo
1045 3580 1106 3646 est,
1124 3561 1209 3644 1534
1215 3586 1293 3652 pre-

143 3666 147 3673 ’
256 3664 316 3736 diit
335 3665 465 3730 Aldina
488 3666 643 3751 Veneriis,
659 3669 797 3735 octonis:
812 3692 883 3760 quae
903 3686 948 3736 est
969 3673 1052 3736 mera
1068 3667 1153 3734 illius
1170 3667 1295 3756 repeti·

248 3767 318 3854 tio,
337 3769 402 3834 sine
415 3767 480 3835 ullo
494 3773 649 3857 auctario,
670 3789 725 3839 aut
738 3775 928 3859 mutatione,
945 3774 1007 3841 uisi
1022 3796 1092 3864 quae
1113 3771 1293 3860 ahoperis,

254 3888 292 3938 ut
312 3874 364 3957 fit,
385 3888 456 3937 nata
473 3889 539 3956 est;
554 3873 640 3941 velut
655 3875 767 3959 .A..-11,
792 3876 852 3959 383
872 3877 935 3962 111,
954 3875 1012 3962 34,
1033 3892 1092 3942 etc.
1113 3872 1214 3941 Semel
1231 3873 1292 3947 ob·

255 3972 600 4066 servaviconjectursm
623 3977 766 4045 Rhenani
792 3979 826 4045 in
850 3983 971 4049 textum
988 3994 1145 4069 receptam
1165 3977 1207 4050 A.
1232 3976 1290 4061 lv,
