2692 4824
441 354 722 423 l'RAEFATlO.
1002 359 1097 424 xxxix

10 499 13 513 '
73 495 177 564 tortos,
196 477 325 547 Cunus
337 478 499 559 Piclrena,
517 478 543 542 F
544 476 731 561 lorentinus,
748 478 837 544 edere
855 480 976 557 eosdem
991 504 1096 545 emen-

68 583 163 653 datius
184 583 337 649 instituit.
361 582 399 647 In
416 607 451 648 ea
471 594 505 649 r'e
522 582 684 649 codicibus
699 568 997 651 Florentinisirsum
1014 608 1094 669 esse,

65 706 153 775 supra
169 688 302 753 dietum.
323 685 443 751 Habuit
461 703 608 776 praeterea
623 687 791 753 editionem
805 687 985 773 Puteolani,
1003 696 1095 781 eujus

54 782 207 863 'hedones
220 814 282 857 non
296 812 360 857 uno
372 789 439 857 loeo
449 792 596 856 restituit.
611 791 671 856 Hie
685 814 756 856 eum
767 790 925 876 vulgatam
934 791 1096 878 lectionem

59 911 226 979 memorat,
243 917 363 983 semper
374 893 555 983 Lipsianam
569 895 618 959 ed.
638 893 894 980 15851nteltign.
911 896 1003 962 Unde
1015 920 1095 985 saepe
1179 980 1184 987 ,

57 998 112 1080 iit,
124 1013 163 1063 ut
178 995 337 1083 vulgatam
350 999 504 1083 corrigere
513 1021 546 1064 se
558 1000 660 1082 dieat,
674 997 761 1064 velut
775 1016 791 1063 e
803 997 1004 1085 Florentino,
1023 1024 1095 1092 quor

55 1122 153 1166 merae
170 1101 402 1190 depravationes
419 1124 580 1190 operarum
593 1116 680 1167 eraut
699 1105 732 1166 in
752 1101 898 1191 exemplis
918 1102 1095 1193 Lipsianis,

54 1220 268 1296 reponatque‚
288 1214 359 1296 quae
381 1206 500 1270 dudum
520 1205 553 1270 in
572 1203 642 1271 aliis
659 1205 850 1271 editionibus
866 1196 1000 1271 fuerant.
1016 1208 1096 1273 Vide

54 1331 89 1371 v.
102 1332 132 1375 o.
146 1309 186 1374 ad
196 1309 252 1394 IV,
265 1305 327 1392 44,
342 1307 398 1393 48.
414 1309 518 1400 Atque
531 1311 623 1374 etiam
635 1310 698 1393 VI,
715 1308 776 1393 33,
791 1310 1003 1395 conjecturam
1016 1310 1096 1399 Lip-

55 1410 116 1495 sii,
137 1434 210 1502 quta
226 1434 387 1503 nunquam
409 1412 443 1476 in
463 1427 584 1477 textum
597 1429 736 1495 venerat,
756 1434 813 1500 pro
831 1411 954 1497 vulgata
975 1412 1092 1480 laudat.

55 1511 165 1579 Multa
176 1512 231 1581 ille
248 1518 365 1603 recepit
384 1515 417 1579 in
435 1529 573 1599 textum,
596 1538 667 1611 quae
689 1516 816 1604 Lipsius
837 1514 953 1607 aliique
972 1532 1093 1582 tantum

55 1641 115 1707 pro
128 1618 317 1709 conjecturis
330 1627 495 1706 posuerant
510 1623 543 1681 in
557 1618 656 1689 notis;
674 1619 756 1683 unde
768 1619 801 1682 in
812 1640 916 1684 omnes
931 1636 1093 1710 sequentes

57 1722 210 1787 editiones
222 1737 389 1810 propagata
404 1723 464 1809 jam
481 1719 614 1804 vulgatae
631 1719 770 1787 lectionis
780 1722 993 1787 auctoritatem
1008 1723 1094 1790 obti-

57 1841 148 1908 nent,
161 1823 258 1915 quam
271 1846 361 1889 nemo
375 1846 412 1889 ex
424 1826 547 1907 ingenio
561 1827 713 1906 corrigere
723 1825 847 1891 audeat.
859 1824 1004 1891 Ceterum
1014 1850 1093 1915 prae·

58 1925 139 1992 elane
152 1942 183 1993 et
197 1927 280 1994 bunc
302 1929 342 1993 de
363 1928 471 1993 Tacito
494 1928 657 2012 meritum,
680 1929 842 2010 convenit,
868 1934 999 2020 ejusque
1016 1933 1092 1998 adeo

59 2028 193 2119 exempli·
204 2046 309 2096 textus
324 2053 381 2117 pro
393 2029 621 2095 accuratissimo
635 2046 667 2095 et
680 2030 927 2096 emendatissimo
940 2048 1021 2099 reete
1033 2034 1091 2098 ha-

58 2132 141 2203 bitus
154 2148 215 2207 eat.
232 2134 387 2201 Gruterus
401 2134 527 2224 quidem
539 2135 578 2199 ad
591 2133 689 2199 Cicer.
706 2135 794 2199 Verr.
809 2135 847 2217 V,
864 2160 894 2222 7.
905 2187 913 2219 ,
926 2136 1092 2203 Pichenam

59 2254 147 2305 voert
158 2241 523 2325 aospdotoremTaciti,
537 2254 611 2323 post
625 2238 787 2324 Lapsurm,
802 2241 892 2304 unico
906 2244 1009 2329 magis
1018 2245 1091 2306 ruri-

61 2338 347 2429 amitteremus
363 2341 508 2406 editionis
525 2338 698 2428 exemplum
715 2364 777 2406 non
788 2341 871 2426 vidi,
884 2366 939 2408 nee
953 2344 1090 2428 Batavae,

61 2438 147 2534 quim
155 2443 417 2533 parum'aoeurate
430 2445 542 2513 laetam
553 2466 617 2510 esse
627 2460 729 2510 monet
738 2443 853 2511 alicubi
863 2446 893 2511 J.
903 2445 1094 2513 Gronovius.-

62 2547 141 2613 Usus
154 2570 225 2612 sum
245 2547 383 2636 exemplo
405 2548 551 2614 editionis
571 2549 715 2613 Francos.
742 2551 837 2638 1607,
858 2551 1016 2640 quaternis
1036 2574 1093 2617 ou·-

62 2667 146 2735 ratae,
161 2674 258 2742 quam
269 2651 447 2717 Gronovius
461 2652 582 2717 Batavae
594 2650 683 2734 longe
698 2653 833 2741 praefert.

88 2768 284 2823 Piobenaenotoe
293 2769 399 2823 seorsim
407 2770 525 2840 prodiere
534 2772 612 2833 in-8.‚
623 2771 723 2823 Hanov.
737 2774 808 2824 1608.

98 2868 213 2934 Secuta
222 2884 268 2934 est
277 2892 305 2935 a.
320 2870 407 2935 ‘1638
425 2872 680 2936 Boratecreriuna
694 2874 854 2950 recensio,
866 2872 952 2936 edita
967 2871 1091 2956 Argen·

61 2972 146 3036 lotati
159 2972 270 3064 ibique
288 2996 395 3039 recusa
412 2996 444 3038 a.
471 2971 553 3054 1664
567 2978 702 3056 octonis,
722 2995 792 3065 quae
812 2973 955 3039 Piehenae
969 2989 1091 3038 textum

62 3069 151 3164 prope
171 3092 275 3141 totum
294 3076 444 3160 servavit,
458 3098 556 3164 pauca
577 3077 616 3141 de
634 3082 810 3166 conjectura
831 3077 992 3142 doctorum
1010 3076 1092 3140 viro-

63 3200 141 3260 rum,
153 3179 251 3245 etiam
258 3177 477 3263 Freinshemii,
492 3183 643 3262 mutavit,
658 3202 728 3269 quae
742 3183 807 3244 suis
820 3178 896 3245 loeis
908 3183 1091 3245 notavimus.

10 3344 12 3355 ,
65 3279 224 3349 decessere
239 3286 332 3346 etiam
344 3266 426 3350 notre
440 3282 660 3366 Freinshemii,
676 3283 710 3347 iu
725 3282 793 3351 loen
808 3287 924 3349 intaeta
943 3287 1093 3372 interpre-

10 3430 16 3440 -
64 3382 140 3453 tibus
151 3385 388 3474 superioribus,
402 3402 458 3451 aut
469 3408 555 3452 secus
567 3404 708 3476 accepta,
723 3389 825 3478 dignae
837 3386 976 3452 claritate
990 3389 1091 3453 nomi-

10 3535 18 3546 .
64 3487 369 3575 usFoetnshemiani.
922 3510 925 3515 ·
1105 3571 1121 3585 η

10 3636 18 3647 -
99 3590 206 3682 Hujus
218 3592 364 3657 editionis
376 3606 479 3659 textus
487 3599 502 3675 ,'
511 3595 564 3659 sed
578 3618 640 3660 non
652 3599 759 3684 paucis
771 3616 933 3684 operarum
943 3595 1028 3661 vitiis
1038 3597 1090 3663 ad-

10 3727 20 3766 a
66 3695 1092 3789 missisrepetitusestiueditione‚quaeLugduniBata.167500-

10 3830 21 3871 2
66 3800 134 3864 unis
146 3799 246 3883 sacta,
263 3808 296 3864 et
311 3822 338 3864 a.
356 3799 438 3865 1685
452 3801 583 3889 repetita
593 3817 655 3886 est,
667 3801 727 3867 sub
743 3805 866 3867 nomine
878 3803 912 3870 J.
927 3802 984 3867 Fr.
1002 3802 1090 3870 Gro-
1169 3848 1171 3853 -

69 3898 155 3986 adit,
165 3907 227 4001 viri
239 3908 353 3973 summi
365 3930 371 3966 :
382 3927 472 3996 aquo
485 3927 521 3971 ea
533 3906 630 3971 editio
639 3906 800 3991 instituta,
815 3908 868 3972 sed
878 3930 940 3971 nou
950 3904 1091 3971 absoluta
1116 3965 1119 3971 ,
1142 3992 1144 3996 Α

10 4039 24 4061 ·-
71 3999 168 4073 struat.
187 4004 263 4072 Non
275 4028 351 4072 usus
363 4021 410 4073 est
422 4005 600 4074 Gronovius
613 4005 701 4073 libris
713 4009 857 4098 seriptis,
871 4033 928 4075 uec
945 4010 1092 4075 editioni-
